1813 2737
952 257 70 88 42

444 333 1083 94 and thus giving one more proof of the thoughtful and

448 405 1067 49 encouraging attitude adopted by H. M. Diplomatic Repre¬

447 451 1070 54 sentatives towards our Chamber. That H.M. Consular

448 485 1073 62 Representatives are equally sympathetic to our aspirations

448 530 1071 46 is proved by the presence here today of H. M. Consul¬

448 567 1077 58 General in Zuerich, Mr. Charles Goodwin. I extend a warm

452 611 1065 51 welcome to these gentlemen, thank them sincerely for

451 644 1070 68 their co-operation and trust that we may look to them

443 679 1043 64 in the future as well for encouragement and guidance.

499 742 1020 54 We meet today under the shadow of an event of world

447 775 1076 52 importance, the death of our greatly-beloved monarch

451 821 1070 50 King George the Vth. Although, at the time, I took it

451 866 1066 51 upon myself to send, in your name, a message of con¬

444 902 1075 51 dolence to the Royal Family, I should like, with your

450 949 1063 51 permission, to give expression once again to the deer

447 984 1070 50 sense of calamity felt by the whole British community

444 1027 1069 53 in Switzerland. We sympathise sincerely with her Majesty

447 1068 1063 47 Queen Mary who has borne and bears her loss with truly

447 1105 1068 51 royal dignity and reserve. To our new King Edward VIIIth

440 1151 1083 46 1 should like to express our devoted and loyal homage

443 1190 1070 58 and our will to do everything we can to prove worthy

447 1228 956 55 of the great heritage we enjoy as British subjects.

498 1267 1017 66 When I look back at the year 1935, I realise that we

440 1313 1079 51 have come through a period of great trial from a business

451 1361 1062 53 point of view. On all hands we were met with reports

439 1405 1073 48 about decreased consuming power, import restrictions,

439 1443 1078 50 increased customs tariffs, difficulties in transferring

440 1481 1077 47 foreign currencies and, although here and there the

440 1517 1066 50 position was brighter, the general verdict was that bus

440 1562 1077 43 iness showed no great improvement. From Switzerland's

443 1602 1072 49 point of view, the year 1935 certainly did not come up to

443 1642 1070 46 expectations. Total imports were valued at 1,283.3 million

440 1683 1076 46 francs as against 1,434.5 millions in 1934, which is a

440 1719 1076 45 decrease of 151.2 million francs. Total exports of Swiss

443 1761 1070 55 goods represented a value of 821.9 million francs, being

440 1801 1076 47 a decrease of 22.4 million francs as compared with the

440 1844 1076 53 1934 figure. The adverse balance of imports over exports

435 1881 622 43 in 1935 was 461.4 million francs

490 1913 1023 61 Amongst the suppliers to Switzerland last year, Ger¬

439 1968 1076 57 many headed the list with goods valued at 338.4 million

443 2011 1063 47 francs. France came next with 207.9 millions worth, fol¬

440 2053 1062 48 lowed by Italy with 91.3 millions worth, the United King

440 2095 1069 44 dom with 76.3 millions, the U.S. A. with 69.5 millions, the

436 2135 1077 46 Argentine with 53.1 millions, Belgium with 40.1 millions,

443 2170 1072 43 Czechoslovakia with 39.8 millions, the Netherlands with

436 2215 1076 64 37.0 millions and Roumania with 36.1 millions francs
