1819 2725
735 259 75 80 51

539 410 458 90 ARBITRATION

269 484 1037 75 In urging Anglo-Swiss business circles to adopt arbi¬

236 540 1074 58 tration in place of litigation for the settlement of business

236 587 1065 42 disputes, the British Chamber of Commerce for Switzer

243 619 1067 46 land is prompted by the sincere belief that too much

236 653 1074 58 emphasis cannot be laid upon this method of settling

236 697 335 46 business disputes.

282 708 1028 65 While it is a regrettable fact that, in the present state

236 759 1074 47 of our psychological development, disputes continue and

243 800 1070 47 will continue to arise, there is undoubtedly too great a

243 830 1063 52 tendency on the part of many business men to carry theil

236 875 1076 44 grievances to the lawcourts on every occasion. Now it is

241 900 1069 55 a fact that, in most cases, lawyers and judges have to

242 935 1068 57 rely upon expert evidence from third parties where

245 976 1069 43 technical matters are at issue, and this is precisely where

243 1008 1070 47 the Court of Arbitration is likely to prove most valuable.

241 1047 1064 40 It is neither more nor less than a court of experts com¬

243 1079 1071 56 petent to give a just decision in highly technical matters

241 1126 1075 39 and it has the outstanding advantage that it avoids the

245 1149 1073 52 unwieldy and ponderous machinery of the law whilst

245 1196 1069 55 reaching just as equitable a result in a much shorter

245 1230 99 53 time.

285 1235 1029 75 There is, however, one condition which must be fulfilled

245 1283 1073 59 if arbitration is to be effective ; both parties must de¬

249 1337 1061 43 termine to accept and loyally abide by the arbitrators

251 1369 1069 46 decision once asked for and given. Sincerity is the keynote

243 1402 1077 47 of the whole procedure. Arbitration must not be considered

247 1435 1071 50 simply a preliminary step to the lawcourts in the event

249 1471 1069 49 of an adverse verdict but must be honourably accepted

245 1506 1073 53 as a final and just method of settling commercial and

249 1541 1073 54 industrial disputes. The British Chamber of Commerce for

253 1583 1069 43 Switzerland does not confine this service to its own

251 1611 1063 58 members but readily throws its Court of Arbitration open

247 1651 1078 52 to all business men or firms engaged in Anglo-Swiss

247 1697 113 54 trade.

364 1850 852 98 PROPOSED CLAUSE T0 BE INSERTED

621 1914 332 77 IN CONTRACTS

285 1985 1036 68 In the event of any dispute arising in connection with

251 2038 1074 53 the interpretation of any clause contained in the present

249 2079 1076 52 contract (agreement), such dispute shall be submitted to

249 2116 1075 47 the British Chamber of Commerce for Switzerland (In¬

249 2153 1075 41 corporated) for arbitration, in which case both parties

247 2182 1075 47 agree to recognise and be unconditionally bound by the

249 2221 569 67 decision of the said Chamber.
