1821 2736
973 262 83 77 44

469 335 1078 88 is greatly to the advantage of certain countries like the

473 403 1074 53 United Kingdom to devalue their currencies as long as

470 446 1071 53 the world's markets are at their disposal and they enjoy

468 486 1071 54 à sufficient degree of credit owing to their own vast re¬

470 532 1069 51 sources. It is quite another matter for a small country

474 567 1069 54 like Switzerland to give up the only standard which acts

472 610 1069 46 as the sheet-anchor of its credit vis-à-vis of other coun¬

474 654 1069 49 tries. Whilst many business people appear to believe that

473 689 1074 50 Switzerland may be forced off the gold standard, the

468 731 1071 56 Swiss Government is firmly determined not to countenance

469 774 1078 50 any measures of the kind likely to have an adverse effect

474 806 1067 53 on Switzerland's credit in the eyes of the rest of the world.

468 855 1077 48 Most of you are business men and you know how essential

469 891 1070 51 it is that confidence should exist between contracting

468 931 1075 53 parties. Now, confidence can only come of the free and

469 976 1070 40 unrestricted interchange of information dealing with the

469 1013 1076 55 production and sale of good and services. This is where

469 1049 1070 50 bodies like Chambers of Commerce can exert their in¬

469 1092 1070 43 fluence. Chambers of Commerce are not created for indi¬

473 1131 1067 47 viduals but for the mass of those engaged in business.

470 1173 1073 46 They are centres for the compilation, documentation and

469 1205 1070 55 distribution of all kinds of information likely to be useful

468 1258 1075 47 to business men and, because they seek to serve the

470 1293 1075 48 widest circles, they equally deserve to enjoy the support

473 1336 1062 48 of everyone engaged in commerce. The fact that they

469 1371 1064 61 are to be found in every country proves that the moye¬

466 1414 1078 57 ment is one of international importance. The dominant

473 1454 1055 48 idea of Chambers of Commerce is service and again ser

473 1493 1068 51 vice and I appeal to all our members to remember this

473 1535 1074 52 important fact and use it in inducing their friends and

469 1570 1074 52 business acquaintances to join a Chamber of Commerce.

469 1618 1074 50 As regards our own Chamber, I regret that more British

469 1654 1070 47 members do not see their way clear to join us and so

466 1700 1077 43 strengthen our hand. After all, any advantages we as

465 1736 1075 53 members gain must inevitably accrue to the whole

469 1770 1076 59 business community in the long run and it is this aspect

469 1821 1076 45 1 particularly wish to emphasise to those who may be

469 1857 1076 70 wondering of what utility their membership is likely to

465 1888 62 59 be.

516 1926 1023 65 1 do not think it necessary to prolong my remarks at

469 1963 1074 73 this juncture but I wish to thank all of you for your

470 2026 1071 49 presence here today, especially our Swiss members who

468 2067 1071 51 never appear in large numbers. It gives us pleasure to

469 2099 1070 54 know that our efforts are appreciated and that, by your

465 2153 1076 49 presence at this gathering, you wish to convey that vou

462 2192 1075 55 realise the necessity of keeping together and meeting our
