<?xml version="1.0" encoding="UTF-8"?>
<alto xmlns:xsi="http://www.w3.org/2001/XMLSchema-instance"
      xmlns="http://www.loc.gov/standards/alto/ns-v4#"
      xmlns:page="http://schema.primaresearch.org/PAGE/gts/pagecontent/2013-07-15"
      xsi:schemaLocation="http://www.loc.gov/standards/alto/ns-v4# https://www.loc.gov/standards/alto/v4/alto.xsd">
   <Description>
      <MeasurementUnit>pixel</MeasurementUnit>
      <sourceImageInformation>
         <fileName>tradin_9960590510105504_1937_57 seiten-0043.jpg</fileName>
      </sourceImageInformation>
      <Processing ID="IdOcr">
         <processingDateTime>2023-03-30T09:31:16.353+02:00</processingDateTime>
         <processingSoftware>
            <softwareCreator>READ COOP</softwareCreator>
            <softwareName>Transkribus</softwareName>
         </processingSoftware>
      </Processing>
   </Description>
   <Layout>
      <Page ID="Page1" PHYSICAL_IMG_NR="1" HEIGHT="2737" WIDTH="1815">
         <TopMargin HEIGHT="0" WIDTH="1815" VPOS="0" HPOS="0"/>
         <LeftMargin HEIGHT="2737" WIDTH="0" VPOS="0" HPOS="0"/>
         <RightMargin HEIGHT="2737" WIDTH="0" VPOS="0" HPOS="1815"/>
         <BottomMargin HEIGHT="0" WIDTH="1815" VPOS="2737" HPOS="0"/>
         <PrintSpace HEIGHT="2737" WIDTH="1815" VPOS="0" HPOS="0">
            <TextBlock ID="tr_2"
                       HEIGHT="676"
                       WIDTH="1082"
                       VPOS="264"
                       HPOS="300"
                       LANG="">
               <Shape>
                  <Polygon POINTS="300,264 1382,264 1382,940 300,940"/>
               </Shape>
               <TextLine ID="tr_2_tl_1"
                         BASELINE="808,314 838,316 868,316 874,316"
                         HEIGHT="75"
                         WIDTH="73"
                         VPOS="264"
                         HPOS="800">
                  <String ID="string_tr_2_tl_1"
                          HEIGHT="75"
                          WIDTH="73"
                          VPOS="264"
                          HPOS="800"
                          CONTENT="41"/>
               </TextLine>
               <TextLine ID="tr_2_tl_2"
                         BASELINE="300,402 330,402 360,402 390,402 420,402 450,400 480,400 510,402 540,402 570,402 600,402 630,404 660,402 690,404 720,402 750,404 780,404 810,404 840,404 870,404 900,404 930,404 960,404 990,404 1020,406 1050,406 1080,404 1110,404 1140,404 1170,404 1200,404 1230,408 1260,406 1290,406 1320,406 1350,406 1374,406"
                         HEIGHT="79"
                         WIDTH="1079"
                         VPOS="339"
                         HPOS="293">
                  <String ID="string_tr_2_tl_2"
                          HEIGHT="79"
                          WIDTH="1079"
                          VPOS="339"
                          HPOS="293"
                          CONTENT="is the vexed question of trade being lost owing to the"/>
               </TextLine>
               <TextLine ID="tr_2_tl_3"
                         BASELINE="306,444 336,444 366,444 396,444 426,444 456,444 486,444 516,444 546,444 576,442 606,444 636,444 666,444 696,444 726,444 756,444 786,444 816,444 846,444 876,444 906,444 936,444 966,444 996,446 1026,448 1056,446 1086,446 1116,444 1146,444 1176,446 1206,446 1236,446 1266,446 1296,446 1326,446 1356,446 1370,448"
                         HEIGHT="46"
                         WIDTH="1068"
                         VPOS="407"
                         HPOS="298">
                  <String ID="string_tr_2_tl_3"
                          HEIGHT="46"
                          WIDTH="1068"
                          VPOS="407"
                          HPOS="298"
                          CONTENT="fact that persons entitled to small quotas will not be"/>
               </TextLine>
               <TextLine ID="tr_2_tl_4"
                         BASELINE="306,484 336,482 366,484 396,482 426,482 456,484 486,484 516,482 546,484 576,484 606,484 636,484 666,484 696,484 726,484 756,484 786,486 816,486 846,484 876,484 906,484 936,484 966,486 996,486 1026,486 1056,486 1086,486 1116,486 1146,486 1176,486 1206,486 1236,486 1266,486 1296,486 1326,486 1356,486 1368,486"
                         HEIGHT="49"
                         WIDTH="1067"
                         VPOS="449"
                         HPOS="298">
                  <String ID="string_tr_2_tl_4"
                          HEIGHT="49"
                          WIDTH="1067"
                          VPOS="449"
                          HPOS="298"
                          CONTENT="bothered to take them up. These quotas may be small"/>
               </TextLine>
               <TextLine ID="tr_2_tl_5"
                         BASELINE="300,524 330,524 360,524 390,524 420,522 450,522 480,524 510,524 540,524 570,524 600,524 630,524 660,524 690,524 720,524 750,524 780,524 810,524 840,526 870,524 900,524 930,526 960,526 990,526 1020,526 1050,526 1080,528 1110,526 1140,526 1170,526 1200,526 1230,526 1260,526 1290,528 1320,526 1350,526 1372,526"
                         HEIGHT="44"
                         WIDTH="1077"
                         VPOS="487"
                         HPOS="293">
                  <String ID="string_tr_2_tl_5"
                          HEIGHT="44"
                          WIDTH="1077"
                          VPOS="487"
                          HPOS="293"
                          CONTENT="individually but collectively they make quite an appre¬"/>
               </TextLine>
               <TextLine ID="tr_2_tl_6"
                         BASELINE="306,564 336,564 366,564 396,564 426,564 456,564 486,564 516,564 546,564 576,566 606,566 636,566 666,564 696,564 726,564 756,566 786,564 816,564 846,566 876,566 906,566 936,566 966,566 996,564 1026,566 1056,566 1086,566 1116,566 1146,566 1176,566 1206,566 1236,566 1266,566 1296,566 1326,566 1356,566 1366,568"
                         HEIGHT="50"
                         WIDTH="1064"
                         VPOS="531"
                         HPOS="298">
                  <String ID="string_tr_2_tl_6"
                          HEIGHT="50"
                          WIDTH="1064"
                          VPOS="531"
                          HPOS="298"
                          CONTENT="ciable amount. There is also the question of compensatory"/>
               </TextLine>
               <TextLine ID="tr_2_tl_7"
                         BASELINE="306,604 336,604 366,604 396,604 426,604 456,604 486,604 516,604 546,604 576,604 606,604 636,606 666,606 696,604 726,604 756,606 786,606 816,606 846,606 876,606 906,606 936,606 966,608 996,606 1026,606 1056,606 1086,606 1116,606 1146,606 1176,606 1206,606 1236,606 1266,606 1296,606 1326,606 1356,606 1374,606"
                         HEIGHT="47"
                         WIDTH="1072"
                         VPOS="571"
                         HPOS="298">
                  <String ID="string_tr_2_tl_7"
                          HEIGHT="47"
                          WIDTH="1072"
                          VPOS="571"
                          HPOS="298"
                          CONTENT="import licenses and lastly the appointment of agents"/>
               </TextLine>
               <TextLine ID="tr_2_tl_8"
                         BASELINE="308,642 338,644 368,644 398,644 428,646 458,644 488,644 518,644 548,644 578,644 608,644 638,646 668,646 698,644 728,646 758,646 788,646 818,646 848,644 878,646 908,644 938,646 968,646 998,646 1028,646 1058,646 1088,646 1118,648 1148,646 1178,648 1208,646 1238,648 1268,646 1298,646 1328,646 1358,646 1372,648"
                         HEIGHT="50"
                         WIDTH="1068"
                         VPOS="607"
                         HPOS="301">
                  <String ID="string_tr_2_tl_8"
                          HEIGHT="50"
                          WIDTH="1068"
                          VPOS="607"
                          HPOS="301"
                          CONTENT="which is always a matter of difficulty. In all these"/>
               </TextLine>
               <TextLine ID="tr_2_tl_9"
                         BASELINE="308,684 338,684 368,684 398,684 428,682 458,684 488,684 518,684 548,684 578,686 608,686 638,684 668,686 698,686 728,686 758,686 788,686 818,686 848,686 878,686 908,686 938,686 968,688 998,686 1028,686 1058,686 1088,686 1118,686 1148,686 1178,686 1208,686 1238,686 1268,688 1298,686 1328,688 1358,688 1374,686"
                         HEIGHT="53"
                         WIDTH="1071"
                         VPOS="646"
                         HPOS="301">
                  <String ID="string_tr_2_tl_9"
                          HEIGHT="53"
                          WIDTH="1071"
                          VPOS="646"
                          HPOS="301"
                          CONTENT="questions there is a real need for your co-operation and"/>
               </TextLine>
               <TextLine ID="tr_2_tl_10"
                         BASELINE="304,724 334,724 364,724 394,724 424,724 454,724 484,724 514,724 544,726 574,726 604,726 634,724 664,726 694,724 724,724 754,724 784,724 814,726 844,726 874,726 904,726 934,726 964,726 994,726 1024,726 1054,726 1084,726 1114,726 1144,726 1174,726 1204,726 1234,726 1264,728 1294,728 1324,728 1354,728 1376,730"
                         HEIGHT="43"
                         WIDTH="1077"
                         VPOS="693"
                         HPOS="297">
                  <String ID="string_tr_2_tl_10"
                          HEIGHT="43"
                          WIDTH="1077"
                          VPOS="693"
                          HPOS="297"
                          CONTENT="advice and it is necessary that United Kingdom firms"/>
               </TextLine>
               <TextLine ID="tr_2_tl_11"
                         BASELINE="308,764 338,766 368,764 398,764 428,766 458,764 488,764 518,764 548,766 578,766 608,764 638,766 668,766 698,766 728,766 758,766 788,766 818,766 848,766 878,766 908,766 938,766 968,766 998,766 1028,766 1058,766 1088,766 1118,766 1148,766 1178,766 1208,766 1238,766 1268,768 1298,768 1328,768 1358,768 1376,770"
                         HEIGHT="47"
                         WIDTH="1072"
                         VPOS="730"
                         HPOS="301">
                  <String ID="string_tr_2_tl_11"
                          HEIGHT="47"
                          WIDTH="1072"
                          VPOS="730"
                          HPOS="301"
                          CONTENT="should give you every support so that you can carry on"/>
               </TextLine>
               <TextLine ID="tr_2_tl_12"
                         BASELINE="304,804 334,804 364,804 394,804 424,804 454,806 484,806 514,806 544,806 574,806 604,806 634,806 664,806 694,806 724,806 754,808 784,808 814,808 844,808 874,806 904,806 934,806 964,806 994,806 1024,806 1054,808 1084,808 1114,808 1144,806 1174,806 1204,806 1234,806 1264,806 1294,808 1324,808 1354,808 1376,808"
                         HEIGHT="46"
                         WIDTH="1077"
                         VPOS="774"
                         HPOS="297">
                  <String ID="string_tr_2_tl_12"
                          HEIGHT="46"
                          WIDTH="1077"
                          VPOS="774"
                          HPOS="297"
                          CONTENT="efficiently. Unfortunately it is in time of difficulties such"/>
               </TextLine>
               <TextLine ID="tr_2_tl_13"
                         BASELINE="304,844 334,846 364,846 394,846 424,846 454,846 484,846 514,844 544,846 574,846 604,846 634,846 664,846 694,846 724,848 754,848 784,848 814,848 844,848 874,848 904,846 934,846 964,848 994,848 1024,848 1054,848 1084,848 1114,848 1144,848 1174,846 1204,846 1234,846 1264,848 1294,848 1324,848 1354,850 1374,852"
                         HEIGHT="46"
                         WIDTH="1073"
                         VPOS="815"
                         HPOS="297">
                  <String ID="string_tr_2_tl_13"
                          HEIGHT="46"
                          WIDTH="1073"
                          VPOS="815"
                          HPOS="297"
                          CONTENT="as exist to-day that firms, in an effort to economise,"/>
               </TextLine>
               <TextLine ID="tr_2_tl_14"
                         BASELINE="310,886 340,886 370,886 400,884 430,886 460,884 490,884 520,884 550,886 580,886 610,886 640,886 670,886 700,886 730,888 760,888 790,888 820,888 850,888 880,888 910,888 940,888 970,888 1000,888 1030,890 1060,888 1090,888 1120,886 1150,886 1180,886 1210,888 1240,888 1270,888 1300,888 1330,888 1360,890 1374,890"
                         HEIGHT="46"
                         WIDTH="1068"
                         VPOS="854"
                         HPOS="302">
                  <String ID="string_tr_2_tl_14"
                          HEIGHT="46"
                          WIDTH="1068"
                          VPOS="854"
                          HPOS="302"
                          CONTENT="withdraw their financial support and I view with great"/>
               </TextLine>
               <TextLine ID="tr_2_tl_15"
                         BASELINE="304,926 334,926 364,926 394,926 424,926 454,928 484,928 514,926 544,928 574,928 604,928 634,928 664,928 694,930 724,928 754,928 784,928 814,928 844,928 874,930 904,930 934,928 964,930 994,928 1024,930 1054,930 1084,928 1114,930 1144,928 1174,928 1204,930 1234,930 1264,930 1294,930 1324,930 1354,930 1382,930"
                         HEIGHT="58"
                         WIDTH="1081"
                         VPOS="890"
                         HPOS="297">
                  <String ID="string_tr_2_tl_15"
                          HEIGHT="58"
                          WIDTH="1081"
                          VPOS="890"
                          HPOS="297"
                          CONTENT="concern the gradual decline of membership of the"/>
               </TextLine>
            </TextBlock>
            <TextBlock ID="tr_1"
                       HEIGHT="788"
                       WIDTH="1076"
                       VPOS="916"
                       HPOS="306"
                       LANG="">
               <Shape>
                  <Polygon POINTS="306,916 1382,916 1382,1704 306,1704"/>
               </Shape>
               <TextLine ID="tr_1_tl_1"
                         BASELINE="306,968 336,968 366,966 396,966 426,966 456,966 484,970"
                         HEIGHT="66"
                         WIDTH="183"
                         VPOS="932"
                         HPOS="297">
                  <String ID="string_tr_1_tl_1"
                          HEIGHT="66"
                          WIDTH="183"
                          VPOS="932"
                          HPOS="297"
                          CONTENT="Chamber."/>
               </TextLine>
               <TextLine ID="tr_1_tl_2"
                         BASELINE="360,1008 390,1008 420,1008 450,1008 480,1008 510,1008 540,1008 570,1008 600,1008 630,1006 660,1006 690,1008 720,1008 750,1008 780,1008 810,1008 840,1008 870,1006 900,1008 930,1006 960,1008 990,1008 1020,1008 1050,1008 1080,1010 1110,1008 1140,1008 1170,1008 1200,1008 1230,1008 1260,1008 1290,1010 1320,1008 1350,1010 1378,1008"
                         HEIGHT="70"
                         WIDTH="1024"
                         VPOS="947"
                         HPOS="352">
                  <String ID="string_tr_1_tl_2"
                          HEIGHT="70"
                          WIDTH="1024"
                          VPOS="947"
                          HPOS="352"
                          CONTENT="I am glad to note that the excellent standard of your"/>
               </TextLine>
               <TextLine ID="tr_1_tl_3"
                         BASELINE="306,1048 336,1048 366,1048 396,1048 426,1048 456,1048 486,1050 516,1048 546,1048 576,1048 606,1048 636,1048 666,1048 696,1048 726,1048 756,1048 786,1048 816,1048 846,1050 876,1048 906,1048 936,1048 966,1048 996,1048 1026,1048 1056,1048 1086,1048 1116,1048 1146,1048 1176,1048 1206,1050 1236,1050 1266,1050 1296,1050 1326,1048 1356,1048 1382,1050"
                         HEIGHT="55"
                         WIDTH="1080"
                         VPOS="1012"
                         HPOS="298">
                  <String ID="string_tr_1_tl_3"
                          HEIGHT="55"
                          WIDTH="1080"
                          VPOS="1012"
                          HPOS="298"
                          CONTENT="monthly magazine has been maintained. Many of the"/>
               </TextLine>
               <TextLine ID="tr_1_tl_4"
                         BASELINE="310,1090 340,1088 370,1088 400,1088 430,1088 460,1088 490,1088 520,1088 550,1088 580,1088 610,1088 640,1088 670,1088 700,1088 730,1090 760,1088 790,1090 820,1088 850,1088 880,1088 910,1088 940,1088 970,1090 1000,1088 1030,1088 1060,1088 1090,1090 1120,1090 1150,1090 1180,1088 1210,1090 1240,1090 1270,1090 1300,1088 1330,1088 1360,1088 1380,1090"
                         HEIGHT="49"
                         WIDTH="1075"
                         VPOS="1052"
                         HPOS="302">
                  <String ID="string_tr_1_tl_4"
                          HEIGHT="49"
                          WIDTH="1075"
                          VPOS="1052"
                          HPOS="302"
                          CONTENT="articles have been of outstanding interest to all those"/>
               </TextLine>
               <TextLine ID="tr_1_tl_5"
                         BASELINE="310,1130 340,1128 370,1128 400,1128 430,1128 460,1128 490,1128 520,1128 550,1128 580,1128 610,1128 640,1128 670,1128 700,1128 730,1128 760,1128 790,1128 820,1128 850,1128 880,1128 910,1128 940,1130 970,1128 1000,1128 1030,1128 1060,1128 1090,1128 1120,1128 1150,1128 1180,1128 1210,1128 1240,1128 1270,1128 1300,1130 1330,1128 1360,1130 1382,1130"
                         HEIGHT="47"
                         WIDTH="1078"
                         VPOS="1091"
                         HPOS="302">
                  <String ID="string_tr_1_tl_5"
                          HEIGHT="47"
                          WIDTH="1078"
                          VPOS="1091"
                          HPOS="302"
                          CONTENT="connected with United Kingdom trade with Switzerland."/>
               </TextLine>
               <TextLine ID="tr_1_tl_6"
                         BASELINE="360,1170 390,1168 420,1168 450,1168 480,1168 510,1168 540,1168 570,1168 600,1170 630,1168 660,1168 690,1170 720,1170 750,1170 780,1170 810,1170 840,1170 870,1170 900,1170 930,1170 960,1168 990,1168 1020,1170 1050,1170 1080,1170 1110,1168 1140,1168 1170,1168 1200,1168 1230,1168 1260,1170 1290,1170 1320,1170 1350,1170 1376,1170"
                         HEIGHT="51"
                         WIDTH="1021"
                         VPOS="1133"
                         HPOS="352">
                  <String ID="string_tr_1_tl_6"
                          HEIGHT="51"
                          WIDTH="1021"
                          VPOS="1133"
                          HPOS="352"
                          CONTENT="I am also pleased to hear that the English examinations"/>
               </TextLine>
               <TextLine ID="tr_1_tl_7"
                         BASELINE="310,1210 340,1208 370,1208 400,1208 430,1208 460,1210 490,1208 520,1208 550,1210 580,1210 610,1208 640,1208 670,1208 700,1208 730,1210 760,1208 790,1208 820,1210 850,1210 880,1208 910,1208 940,1208 970,1210 1000,1210 1030,1212 1060,1212 1090,1210 1120,1210 1150,1210 1180,1210 1210,1210 1240,1210 1270,1210 1300,1210 1330,1210 1360,1210 1378,1210"
                         HEIGHT="61"
                         WIDTH="1072"
                         VPOS="1160"
                         HPOS="302">
                  <String ID="string_tr_1_tl_7"
                          HEIGHT="61"
                          WIDTH="1072"
                          VPOS="1160"
                          HPOS="302"
                          CONTENT="have once more been held successfully and that 50 out of"/>
               </TextLine>
               <TextLine ID="tr_1_tl_8"
                         BASELINE="306,1248 336,1248 366,1248 396,1250 426,1248 456,1248 486,1248 516,1248 546,1246 576,1248 606,1248 636,1248 666,1248 696,1248 726,1250 756,1248 786,1248 816,1248 846,1250 876,1252 878,1252"
                         HEIGHT="51"
                         WIDTH="576"
                         VPOS="1215"
                         HPOS="298">
                  <String ID="string_tr_1_tl_8"
                          HEIGHT="51"
                          WIDTH="576"
                          VPOS="1215"
                          HPOS="298"
                          CONTENT="59 candidates were successful."/>
               </TextLine>
               <TextLine ID="tr_1_tl_9"
                         BASELINE="366,1288 396,1288 426,1288 456,1290 486,1290 516,1290 546,1290 576,1288 606,1290 636,1290 666,1290 696,1288 726,1288 756,1290 786,1290 816,1288 846,1288 876,1290 906,1288 936,1290 966,1288 996,1290 1026,1290 1056,1290 1086,1290 1116,1290 1146,1290 1176,1290 1206,1288 1236,1290 1266,1290 1296,1288 1326,1290 1356,1290 1380,1288"
                         HEIGHT="73"
                         WIDTH="1018"
                         VPOS="1227"
                         HPOS="359">
                  <String ID="string_tr_1_tl_9"
                          HEIGHT="73"
                          WIDTH="1018"
                          VPOS="1227"
                          HPOS="359"
                          CONTENT="In conclusion I would state that although I would"/>
               </TextLine>
               <TextLine ID="tr_1_tl_10"
                         BASELINE="310,1330 340,1328 370,1330 400,1330 430,1330 460,1328 490,1328 520,1330 550,1330 580,1330 610,1328 640,1328 670,1328 700,1330 730,1330 760,1328 790,1328 820,1328 850,1330 880,1328 910,1330 940,1330 970,1330 1000,1330 1030,1330 1060,1330 1090,1330 1120,1330 1150,1330 1180,1330 1210,1330 1240,1328 1270,1330 1300,1328 1330,1330 1360,1332 1372,1330"
                         HEIGHT="54"
                         WIDTH="1067"
                         VPOS="1280"
                         HPOS="302">
                  <String ID="string_tr_1_tl_10"
                          HEIGHT="54"
                          WIDTH="1067"
                          VPOS="1280"
                          HPOS="302"
                          CONTENT="hardly be justified under existing circumstances in ex¬"/>
               </TextLine>
               <TextLine ID="tr_1_tl_11"
                         BASELINE="314,1374 344,1370 374,1370 404,1370 434,1370 464,1370 494,1370 524,1370 554,1370 584,1370 614,1370 644,1370 674,1370 704,1370 734,1370 764,1368 794,1368 824,1370 854,1370 884,1370 914,1370 944,1370 974,1370 1004,1370 1034,1370 1064,1370 1094,1370 1124,1370 1154,1370 1184,1370 1214,1370 1244,1370 1274,1370 1304,1370 1334,1370 1364,1372 1378,1374"
                         HEIGHT="50"
                         WIDTH="1068"
                         VPOS="1331"
                         HPOS="306">
                  <String ID="string_tr_1_tl_11"
                          HEIGHT="50"
                          WIDTH="1068"
                          VPOS="1331"
                          HPOS="306"
                          CONTENT="pressing an optimistic view of the possibilities of expanding"/>
               </TextLine>
               <TextLine ID="tr_1_tl_12"
                         BASELINE="312,1412 342,1410 372,1410 402,1410 432,1410 462,1410 492,1410 522,1408 552,1410 582,1410 612,1410 642,1408 672,1410 702,1410 732,1410 762,1410 792,1410 822,1410 852,1410 882,1410 912,1410 942,1410 972,1410 1002,1410 1032,1410 1062,1410 1092,1410 1122,1410 1152,1410 1182,1410 1212,1410 1242,1410 1272,1410 1302,1410 1332,1410 1362,1412 1374,1414"
                         HEIGHT="49"
                         WIDTH="1065"
                         VPOS="1377"
                         HPOS="305">
                  <String ID="string_tr_1_tl_12"
                          HEIGHT="49"
                          WIDTH="1065"
                          VPOS="1377"
                          HPOS="305"
                          CONTENT="trade between the United Kingdom and Switzerland,"/>
               </TextLine>
               <TextLine ID="tr_1_tl_13"
                         BASELINE="314,1452 344,1450 374,1450 404,1450 434,1450 464,1450 494,1450 524,1450 554,1450 584,1450 614,1450 644,1450 674,1450 704,1450 734,1450 764,1450 794,1450 824,1450 854,1450 884,1450 914,1450 944,1450 974,1450 1004,1450 1034,1450 1064,1450 1094,1450 1124,1450 1154,1450 1184,1450 1214,1450 1244,1450 1274,1450 1304,1450 1334,1450 1364,1450 1376,1452"
                         HEIGHT="48"
                         WIDTH="1067"
                         VPOS="1413"
                         HPOS="306">
                  <String ID="string_tr_1_tl_13"
                          HEIGHT="48"
                          WIDTH="1067"
                          VPOS="1413"
                          HPOS="306"
                          CONTENT="nevertheless I feel that the Chamber of Commerce can do"/>
               </TextLine>
               <TextLine ID="tr_1_tl_14"
                         BASELINE="308,1490 338,1490 368,1490 398,1490 428,1490 458,1490 488,1490 518,1490 548,1492 578,1492 608,1492 638,1492 668,1492 698,1490 728,1490 758,1490 788,1490 818,1490 848,1490 878,1492 908,1490 938,1490 968,1490 998,1490 1028,1490 1058,1490 1088,1490 1118,1490 1148,1490 1178,1490 1208,1490 1238,1490 1268,1490 1298,1490 1328,1490 1358,1490 1376,1490"
                         HEIGHT="44"
                         WIDTH="1072"
                         VPOS="1457"
                         HPOS="301">
                  <String ID="string_tr_1_tl_14"
                          HEIGHT="44"
                          WIDTH="1072"
                          VPOS="1457"
                          HPOS="301"
                          CONTENT="much not only in maintaining the existing trade but also"/>
               </TextLine>
               <TextLine ID="tr_1_tl_15"
                         BASELINE="314,1532 344,1530 374,1530 404,1530 434,1530 464,1530 494,1530 524,1530 554,1532 584,1530 614,1530 644,1530 674,1530 704,1530 734,1532 764,1530 794,1530 824,1532 854,1532 884,1532 914,1530 944,1530 974,1530 1004,1530 1034,1530 1064,1530 1094,1530 1124,1530 1154,1530 1184,1530 1214,1530 1244,1530 1274,1530 1304,1530 1334,1530 1364,1530 1378,1532"
                         HEIGHT="46"
                         WIDTH="1068"
                         VPOS="1497"
                         HPOS="306">
                  <String ID="string_tr_1_tl_15"
                          HEIGHT="46"
                          WIDTH="1068"
                          VPOS="1497"
                          HPOS="306"
                          CONTENT="in obtaining outlets in many new directions. I sincerely"/>
               </TextLine>
               <TextLine ID="tr_1_tl_16"
                         BASELINE="314,1570 344,1570 374,1570 404,1570 434,1570 464,1570 494,1570 524,1570 554,1570 584,1570 614,1570 644,1570 674,1570 704,1570 734,1570 764,1570 794,1570 824,1572 854,1572 884,1570 914,1572 944,1570 974,1570 1004,1570 1034,1572 1064,1570 1094,1570 1124,1570 1154,1570 1184,1570 1214,1570 1244,1570 1274,1570 1304,1570 1334,1570 1364,1572 1378,1572"
                         HEIGHT="40"
                         WIDTH="1068"
                         VPOS="1539"
                         HPOS="306">
                  <String ID="string_tr_1_tl_16"
                          HEIGHT="40"
                          WIDTH="1068"
                          VPOS="1539"
                          HPOS="306"
                          CONTENT="trust therefore that you will be given increased financial"/>
               </TextLine>
               <TextLine ID="tr_1_tl_17"
                         BASELINE="314,1612 344,1612 374,1612 404,1612 434,1612 464,1610 494,1610 524,1610 554,1610 584,1612 614,1610 644,1610 674,1612 704,1612 734,1610 764,1610 794,1612 824,1612 854,1610 884,1610 914,1612 944,1612 974,1612 1004,1612 1034,1612 1064,1612 1094,1610 1124,1610 1154,1610 1184,1612 1214,1612 1244,1612 1274,1612 1304,1610 1334,1610 1364,1612 1380,1612"
                         HEIGHT="48"
                         WIDTH="1071"
                         VPOS="1577"
                         HPOS="306">
                  <String ID="string_tr_1_tl_17"
                          HEIGHT="48"
                          WIDTH="1071"
                          VPOS="1577"
                          HPOS="306"
                          CONTENT="support and that at your next annual meeting you will"/>
               </TextLine>
               <TextLine ID="tr_1_tl_18"
                         BASELINE="318,1654 348,1652 378,1652 408,1650 438,1650 468,1652 498,1652 528,1652 558,1652 588,1652 618,1650 648,1650 678,1652 708,1652 738,1650 768,1650 798,1650 828,1650 858,1650 888,1650 918,1652 948,1652 978,1652 1008,1652 1038,1654 1068,1652 1098,1652 1128,1652 1158,1652 1188,1654 1218,1652 1248,1652 1278,1650 1308,1650 1338,1652 1368,1654 1378,1654"
                         HEIGHT="44"
                         WIDTH="1064"
                         VPOS="1623"
                         HPOS="310">
                  <String ID="string_tr_1_tl_18"
                          HEIGHT="44"
                          WIDTH="1064"
                          VPOS="1623"
                          HPOS="310"
                          CONTENT="look back on a very successful year. I wish you every"/>
               </TextLine>
               <TextLine ID="tr_1_tl_19"
                         BASELINE="312,1692 342,1692 372,1692 402,1692 432,1692 462,1694 464,1694"
                         HEIGHT="58"
                         WIDTH="156"
                         VPOS="1658"
                         HPOS="305">
                  <String ID="string_tr_1_tl_19"
                          HEIGHT="58"
                          WIDTH="156"
                          VPOS="1658"
                          HPOS="305"
                          CONTENT="success."/>
               </TextLine>
            </TextBlock>
            <TextBlock ID="tr_3"
                       HEIGHT="524"
                       WIDTH="1072"
                       VPOS="1732"
                       HPOS="318"
                       LANG="">
               <Shape>
                  <Polygon POINTS="318,1732 1390,1732 1390,2256 318,2256"/>
               </Shape>
               <TextLine ID="tr_3_tl_1"
                         BASELINE="370,1786 400,1784 430,1784 460,1784 490,1784 520,1784 550,1784 580,1784 610,1784 640,1784 670,1784 700,1784 730,1784 760,1784 790,1784 820,1784 850,1782 880,1784 910,1786 940,1784 970,1782 1000,1784 1030,1784 1060,1784 1090,1786 1120,1784 1150,1784 1180,1784 1210,1784 1240,1784 1270,1784 1300,1784 1330,1784 1360,1786 1380,1786"
                         HEIGHT="74"
                         WIDTH="1014"
                         VPOS="1721"
                         HPOS="363">
                  <String ID="string_tr_3_tl_1"
                          HEIGHT="74"
                          WIDTH="1014"
                          VPOS="1721"
                          HPOS="363"
                          CONTENT="Sir George Warner's address, presented by Mr. Setchell,"/>
               </TextLine>
               <TextLine ID="tr_3_tl_2"
                         BASELINE="320,1826 332,1826 362,1826 392,1824 422,1826 452,1824 482,1824 512,1824 542,1826 572,1826 602,1826 632,1826 662,1826 692,1826 722,1826 752,1826 782,1826 812,1824 842,1824 872,1824 902,1824 932,1826 962,1824 992,1824 1022,1824 1052,1824 1082,1824 1112,1826 1142,1826 1172,1826 1202,1826 1232,1826 1262,1826 1292,1826 1322,1826 1352,1826 1382,1824"
                         HEIGHT="50"
                         WIDTH="1065"
                         VPOS="1787"
                         HPOS="313">
                  <String ID="string_tr_3_tl_2"
                          HEIGHT="50"
                          WIDTH="1065"
                          VPOS="1787"
                          HPOS="313"
                          CONTENT="was received with applause and Mr. Setchell then called"/>
               </TextLine>
               <TextLine ID="tr_3_tl_3"
                         BASELINE="320,1866 350,1866 380,1866 410,1866 440,1866 470,1866 500,1866 530,1866 560,1866 590,1866 620,1866 650,1866 680,1866 710,1866 740,1866 770,1866 800,1864 830,1864 860,1866 890,1866 920,1866 950,1866 980,1866 1010,1866 1040,1866 1070,1866 1100,1866 1130,1866 1160,1866 1190,1866 1220,1866 1250,1866 1280,1866 1310,1866 1340,1866 1370,1866 1386,1866"
                         HEIGHT="48"
                         WIDTH="1071"
                         VPOS="1832"
                         HPOS="313">
                  <String ID="string_tr_3_tl_3"
                          HEIGHT="48"
                          WIDTH="1071"
                          VPOS="1832"
                          HPOS="313"
                          CONTENT="upon Mr. Crowe, as President, to assume the conduct of"/>
               </TextLine>
               <TextLine ID="tr_3_tl_4"
                         BASELINE="320,1908 350,1906 380,1906 410,1906 440,1904 470,1904 500,1906 530,1908 548,1910"
                         HEIGHT="58"
                         WIDTH="232"
                         VPOS="1875"
                         HPOS="313">
                  <String ID="string_tr_3_tl_4"
                          HEIGHT="58"
                          WIDTH="232"
                          VPOS="1875"
                          HPOS="313"
                          CONTENT="the Meeting."/>
               </TextLine>
               <TextLine ID="tr_3_tl_5"
                         BASELINE="366,1946 396,1946 426,1946 456,1946 486,1946 516,1944 546,1946 576,1946 606,1946 636,1946 666,1946 696,1946 726,1946 756,1946 786,1946 816,1946 846,1946 876,1944 906,1946 936,1946 966,1946 996,1946 1026,1946 1056,1946 1086,1946 1116,1946 1146,1946 1176,1946 1206,1946 1236,1944 1266,1944 1296,1946 1326,1946 1338,1948"
                         HEIGHT="80"
                         WIDTH="976"
                         VPOS="1895"
                         HPOS="359">
                  <String ID="string_tr_3_tl_5"
                          HEIGHT="80"
                          WIDTH="976"
                          VPOS="1895"
                          HPOS="359"
                          CONTENT="Mr. Crowe read the following presidential address:"/>
               </TextLine>
               <TextLine ID="tr_3_tl_6"
                         BASELINE="528,2026 558,2024 588,2024 618,2024 648,2024 678,2024 708,2024 738,2026 768,2026 798,2024 828,2024 858,2024 888,2024 918,2024 948,2024 978,2026 988,2026"
                         HEIGHT="81"
                         WIDTH="464"
                         VPOS="1973"
                         HPOS="521">
                  <String ID="string_tr_3_tl_6"
                          HEIGHT="81"
                          WIDTH="464"
                          VPOS="1973"
                          HPOS="521"
                          CONTENT="Mr. Setchell, Gentlemen,"/>
               </TextLine>
               <TextLine ID="tr_3_tl_7"
                         BASELINE="378,2084 408,2082 438,2084 468,2082 498,2084 528,2084 558,2084 588,2086 618,2084 648,2084 678,2082 708,2084 738,2084 768,2084 798,2082 828,2082 858,2082 888,2082 918,2082 948,2082 978,2082 1008,2082 1038,2084 1068,2084 1098,2084 1128,2084 1158,2084 1188,2084 1218,2082 1248,2084 1278,2084 1308,2084 1338,2084 1368,2084 1390,2086"
                         HEIGHT="71"
                         WIDTH="1017"
                         VPOS="2020"
                         HPOS="371">
                  <String ID="string_tr_3_tl_7"
                          HEIGHT="71"
                          WIDTH="1017"
                          VPOS="2020"
                          HPOS="371"
                          CONTENT="Although I greatly regret to announce that our Hon."/>
               </TextLine>
               <TextLine ID="tr_3_tl_8"
                         BASELINE="318,2124 348,2124 378,2124 408,2124 438,2124 468,2124 498,2124 528,2126 558,2124 588,2124 618,2124 648,2124 678,2124 708,2124 738,2122 768,2122 798,2124 828,2124 858,2124 888,2124 918,2124 948,2124 978,2124 1008,2124 1038,2124 1068,2124 1098,2124 1128,2124 1158,2124 1188,2124 1218,2124 1248,2124 1278,2124 1308,2124 1338,2124 1368,2124 1382,2126"
                         HEIGHT="71"
                         WIDTH="1068"
                         VPOS="2068"
                         HPOS="310">
                  <String ID="string_tr_3_tl_8"
                          HEIGHT="71"
                          WIDTH="1068"
                          VPOS="2068"
                          HPOS="310"
                          CONTENT="President, Sir George Warner, is unable to be here today"/>
               </TextLine>
               <TextLine ID="tr_3_tl_9"
                         BASELINE="320,2166 350,2164 380,2166 410,2164 440,2164 470,2164 500,2166 530,2164 560,2166 590,2164 620,2164 650,2164 680,2164 710,2164 740,2164 770,2162 800,2164 830,2164 860,2164 890,2162 920,2160 950,2162 980,2164 1010,2164 1040,2164 1070,2164 1100,2164 1130,2164 1160,2164 1190,2162 1220,2164 1250,2164 1280,2164 1310,2164 1340,2162 1370,2164 1388,2166"
                         HEIGHT="48"
                         WIDTH="1072"
                         VPOS="2128"
                         HPOS="313">
                  <String ID="string_tr_3_tl_9"
                          HEIGHT="48"
                          WIDTH="1072"
                          VPOS="2128"
                          HPOS="313"
                          CONTENT="to take the Chair at these proceedings, I wish to express"/>
               </TextLine>
               <TextLine ID="tr_3_tl_10"
                         BASELINE="320,2206 350,2206 380,2206 410,2206 440,2204 470,2204 500,2204 530,2206 560,2204 590,2204 620,2204 650,2204 680,2204 710,2204 740,2204 770,2204 800,2204 830,2204 860,2204 890,2204 920,2204 950,2204 980,2204 1010,2204 1040,2204 1070,2204 1100,2204 1130,2204 1160,2204 1190,2204 1220,2204 1250,2204 1280,2204 1310,2204 1340,2204 1370,2204 1388,2206"
                         HEIGHT="48"
                         WIDTH="1072"
                         VPOS="2167"
                         HPOS="313">
                  <String ID="string_tr_3_tl_10"
                          HEIGHT="48"
                          WIDTH="1072"
                          VPOS="2167"
                          HPOS="313"
                          CONTENT="our great pleasure at seeing Mr. Setchell, Commercial"/>
               </TextLine>
               <TextLine ID="tr_3_tl_11"
                         BASELINE="324,2246 354,2244 384,2244 414,2244 444,2246 474,2246 504,2246 534,2246 564,2246 594,2244 624,2244 654,2244 684,2244 714,2244 744,2244 774,2244 804,2246 834,2246 864,2244 894,2244 924,2244 954,2246 984,2244 1014,2244 1044,2246 1074,2246 1104,2246 1134,2246 1164,2244 1194,2244 1224,2244 1254,2244 1284,2244 1314,2244 1344,2244 1374,2244 1388,2246"
                         HEIGHT="54"
                         WIDTH="1068"
                         VPOS="2208"
                         HPOS="317">
                  <String ID="string_tr_3_tl_11"
                          HEIGHT="54"
                          WIDTH="1068"
                          VPOS="2208"
                          HPOS="317"
                          CONTENT="Secretary to the British Legation, occupying the Chair"/>
               </TextLine>
            </TextBlock>
            <TextBlock ID="tr_4"
                       HEIGHT="98"
                       WIDTH="164"
                       VPOS="1726"
                       HPOS="1440"
                       LANG="">
               <Shape>
                  <Polygon POINTS="1440,1726 1604,1726 1604,1824 1440,1824"/>
               </Shape>
               <TextLine ID="tr_4_tl_1"
                         BASELINE="1440,1778 1454,1778 1484,1778 1514,1778 1544,1776 1574,1776 1604,1776"
                         HEIGHT="73"
                         WIDTH="170"
                         VPOS="1725"
                         HPOS="1432">
                  <String ID="string_tr_4_tl_1"
                          HEIGHT="73"
                          WIDTH="170"
                          VPOS="1725"
                          HPOS="1432"
                          CONTENT="President's"/>
               </TextLine>
               <TextLine ID="tr_4_tl_2"
                         BASELINE="1466,1814 1490,1812 1520,1812 1550,1810 1580,1812"
                         HEIGHT="59"
                         WIDTH="119"
                         VPOS="1783"
                         HPOS="1458">
                  <String ID="string_tr_4_tl_2"
                          HEIGHT="59"
                          WIDTH="119"
                          VPOS="1783"
                          HPOS="1458"
                          CONTENT="Speech."/>
               </TextLine>
            </TextBlock>
         </PrintSpace>
      </Page>
   </Layout>
</alto>
