1818 2737
773 289 74 81 43

272 358 1074 112 worth of goods. No other country exceeded the 30 million

269 427 103 62 total.

374 454 968 74 The list of consumers of Swiss goods again reveals

265 514 1077 64 Germany at the head with 169.6 millions worth, France

263 565 1079 48 second with 121.2 millions, the United Kingdom third with

267 596 1075 49 77.9 millions, Italy fourth with 72.7 millions, the United

269 634 1073 70 States of America fifth with 48.1 million, whilst no other

271 681 713 46 country reached the 30 million figure.

316 723 1025 65 Hence it will be seen that the United Kingdom holds

265 747 1073 74 the honourable position of fourth amongst the suppliers

261 808 1072 59 and third amongst the consumers. This fact will probably

267 855 1070 44 carry some weight with the Swiss authorities when

269 887 1038 59 questions of commercial facilities are due for revision.

315 940 1023 58 This question of commercial facilities is, of course, a

271 981 1070 54 very vexed one. It seems that no country is willing at

265 1018 1069 54 present to make concessions without receiving a very

264 1062 1073 59 valuable quid pro quo and, in fact, the impossibility of

263 1103 1063 51 reaching satisfactory methods of arranging for the pay

265 1139 1073 46 ment of goods in cash has led in many cases to a revival

261 1178 1076 59 of barter pure and simple. Thus we had the case, last

265 1222 1070 52 year, of Switzerland agreeing to accept foreign tobacco

263 1260 1071 49 in exchange for locomotives. It seems that the favourable

263 1302 1071 44 development of business in Great Britain and the United

261 1341 1077 54 States of America has so far had no appreciable effect

261 1387 1076 43 on Swiss conditions. On the contrary, various industries

263 1427 1071 44 which are now working for the home market and are

261 1463 1076 46 even enjoying special protection in the shape of import

264 1504 1070 59 restrictions are meeting with considerable difficulty in

258 1537 1079 56 finding consumers for their goods. This fact is attributed

258 1582 1076 47 in some measure to the decreased purchasing power of

261 1618 1072 55 the population owing to heavy taxation and also because

261 1665 1074 60 of the greatly reduced income derived from Swiss invest¬

260 1704 511 56 ments in foreign countries.

331 1734 1009 70 The United Kingdom certainly had no reason to be

257 1782 1076 61 displeased with business progress last year. Imports rose

263 1830 1070 53 from 8731.4 millions in 1934 to £756,9 millions in 1935.

261 1870 1073 55 Exports of British goods increased from the 1934 figure

261 1909 1074 54 of £395,9 millions to £425.9 millions in 1935 whilst re-

258 1951 1077 58 exports advanced by £4 millions on the 1934 figure of

261 1988 1069 50 51.2 millions. This is very satisfactory and it seems to

261 2033 1076 52 prove that Great Britain was wise in leaving the gold

261 2079 1077 44 standard. There is no doubt, on the other hand, that the

258 2119 1079 43 gold standard is the only really satisfactory international

257 2154 1076 48 basis of valuation of currencies, otherwise we should

257 2194 1076 48 not find the Bank for International Settlements strongly

257 2237 1077 73 advocating its re-adoption. The point is, however, that it
