1818 2736
901 277 74 86 46

407 351 1066 111 gesting the kind of articles they would like to see re¬

401 428 189 61 produced.

451 471 1030 70 In the course of its work, the Chamber co-operated

400 506 1078 82 closely throughout the year with recognised bodies such

403 567 1079 47 as the Federation of British Industries, whose official

398 598 1077 46 representative the Chamber is in Switzerland, the Asso¬

403 642 1075 54 ciation of British Chambers of Commerce in London, and

403 685 1075 70 the Federation of Chambers of Commerce of the British

400 711 152 75 Empire.

455 758 1022 62 Not by any means the least pleasant part of the

401 788 1076 78 Chamber's work consisted in its contact with the British

401 843 1074 64 Legation, Berne, His Majesty's Consul-General in Zuerich.

403 898 1071 43 and the British Consuls in different Swiss towns. This

401 929 1077 56 working for a common ideal is productive of most fruitful

397 967 1077 60 results and the Chamber wishes to record here its deep

401 1014 1072 52 appreciation of the privilege of being able to benefit by

398 1055 1076 49 the practical assistance and moral support of His Majesty's

396 1100 1077 62 Diplomatic and Consular representatives in this country,

455 1138 1019 55 As usual, the Chamber organised its popular language

398 1179 1077 61 examinations last year and had the satisfaction of re¬

401 1224 1074 54 gistering 59 candidates. Of these, 50 succeeded in gaining

394 1270 1079 44 a diploma. There is no harm in reminding our members

394 1302 1077 51 and others that our examinations are carried out on a

401 1348 1072 45 practical basis and are intended for that category of

397 1385 1077 47 candidate having a reasonable grounding in commercial

394 1430 1076 50 subjects. Whilst we place no restriction of any kind on

396 1469 1074 51 the candidates as regards the actual sitting of the exa¬

394 1509 1080 46 minations, we endeavour to make the pass standard

393 1539 1077 60 severe enough to make the possession of a diploma a

394 1585 1076 49 matter of real satisfaction to the successful candidates

393 1621 1077 63 because we hope and believe that our diplomas will assist

394 1665 1077 74 candidates materially in improving their prospects of a

401 1704 261 58 useful career.

444 1739 1026 60 If there is one point about last year which gives the

393 1788 1077 63 Council no particular pleasure, it is the question of our

394 1835 1067 50 numerical membership. From a figure of 118 at the be

393 1878 1073 44 ginning of the year, the total rose at 31st December to

397 1921 1064 51 125 through the addition of 7 new members, but 12 mem¬

390 1941 1079 70 bers retired, leaving us with a net membership of 113 on

397 1991 1072 53 ist January, 1936. This slow but steady drain on our

390 2033 1076 56 membership causes our Council the greatest anxiety

389 2072 1077 51 because, if it continues, it must inevitably lead to the

390 2119 1076 53 closing down of an institution which is today celebrating

389 2150 1081 61 its 16th Annual General Meeting. If we are to survive

388 2189 1078 63 and remain a factor of influence in Anglo-Swiss trade,

389 2235 1073 75 we must increase our numbers for we aspire to represent
