1818 2736
1001 274 71 69 -52

658 516 778 92 Services to Members

723 691 660 89 OFFICE HOURS FOR VISITORS:

593 763 946 92 From 10 to 12 and from 14 to 16. — On Saturdays,

569 807 240 67 10 to 12 only

885 892 331 87 READING-ROOM

603 955 936 71 A library of Trade Journals of the two countries

563 1020 544 46 is at the disposal of visitors.

600 1031 929 68 The British Chamber of Commerce is at the service

567 1087 954 47 of and welcomes enquiries from business men inte¬

563 1127 970 41 rested in commerce with Switzerland. An office, a

563 1160 966 54 telephone and a postal address are at their disposal.

795 1238 508 87 COURT OF ARBITRATION

596 1298 935 75 A special leaflet can be supplied giving full scale

566 1357 965 49 of fees and costs in connection with the Chamber's

563 1403 970 40 Court of Arbitration. Members and others are urged

563 1437 966 53 to utilise the Court in preference to expensive legal

567 1471 232 68 proceedings.

845 1544 410 78 OFFICIAL JOURNAL

596 1596 927 74 The Chamber publishes an Official Journal monthly

567 1661 966 45 containing a classified list of all enquiries received,

567 1702 962 36 customs information, and articles on trade and

564 1732 965 46 commerce in general. Members receive the Official

563 1768 450 58 Journal free of charge.

903 1847 298 88 TRADE INDEX

600 1911 935 64 The Chamber publishes at regular intervals a

566 1958 965 63 Trade Index containing a classified list of all

566 2004 969 45 members under any reasonable number of trade

569 2039 964 42 headings, this useful little volume involving no

572 2081 961 43 extra cost for members. It is widely distributed

569 2114 964 53 throughout the world and forms a most useful

566 2150 611 68 means of publicity for members.
