1818 2736
961 277 62 67 40

452 335 1074 102 to the Swiss German Clearing Agreement brought a

453 413 1075 51 reduction in the payment of interest on German shares

454 454 475 55 and similar investments.

505 469 1021 89 Unemployment increased considerably especially in the

452 521 1074 82 building trade and the general political situation in the

453 586 1064 59 world gave rise to many misgivings. Stability in Switzer

454 621 1064 63 land was secured by the firm action taken by the Govern¬

450 675 1075 67 ment to maintain the gold standard and restore budget

453 696 231 67 equilibrium.

501 754 1023 66 It is not to be wondered at, that under the prevailing

457 781 1065 74 conditions Swiss import trade has declined and during

453 847 1072 48 1935 reached the lowest figure recorded for many years

457 892 1068 39 of 1,283 million francs which was 150 million francs less

453 912 1073 64 than the previous year. Exports have also reached the

454 961 1068 52 lowest figure on record and the national income has

457 1002 1064 47 declined to 7.2 milliard francs as against 9.4 milliard

453 1041 1073 50 francs in the peak year of 1929. Taking into account

453 1080 1069 58 invisible imports and exports, the balance of payments

450 1114 780 67 is now slightly in favour of Switzerland.

501 1156 1020 74 1 am fully aware that there exists in Switzerland a

445 1195 1081 79 market for many United Kingdom products which cannot

449 1256 1073 50 be satisfied owing to import restrictions. It should not be

449 1303 1076 50 overlooked however that the general situation here is not

446 1341 1075 55 such that any large increase of trade can be expected. As

446 1367 1074 61 far as trade between Switzerland and the United Kingdom

445 1416 1075 58 is concerned, during 1935 there was a slight balance of

450 1457 1071 51 1.6 million francs in favour of Switzerland and to this must

445 1497 1076 56 be added the receipts from invisible exports such as tourist

449 1543 1064 49 traffic and insurance. Unfortunately both imports and ex

453 1580 1068 43 ports were the lowest recorded for many years. Imports from

447 1626 1075 48 the United Kingdom declined to 76.3 million francs as against

443 1662 1075 55 90.9 million francs in 1934. The decline in the imports

442 1704 1075 47 from other countries was however still greater, namely,

442 1733 1068 61 for Germany, 50 millions ; France 23 millions and Italy

445 1780 1068 48 25 millions. Further, the United Kingdom percentage of

445 1815 1072 57 total imports of 5.95 was well above the percentages of

445 1865 1073 43 4.14 to 4.45 during the years 1930 to 1932. These figures

443 1907 1075 48 demonstrate that the United Kingdom is holding her own

445 1942 1073 45 and that there are possibilities for developing trade both

445 1986 1067 51 ways between the two countries. The path may be diffi¬

449 2025 1068 43 cult and it is exactly for this reason, quite apart from

441 2068 1076 52 ordinary routine work, that an association such as yours

450 2106 1060 53 can do such useful work and be of such considerable

439 2154 1075 43 assistance at the present time. For instance, I am sure

449 2181 1069 60 that trade could be increased with a better understanding

438 2219 1076 65 by United Kingdom exporters of trade conditions. There
