1818 2733
736 347 447 105 PROCEEDINGS

899 450 129 74 OF THE

448 505 1028 94 l6th ANNUAL GENERAL MEETING

891 604 136 78 OF THE

471 662 972 93 British Chamber of Commerce for Switzerland

846 734 236 73 (Incorporated)

609 773 705 80 held in the Hotel St. Gotthard, Zuerich

669 850 595 71 on Saturday, the 25th April, 1936.

420 994 247 88 IN THE CHAIR:

416 1057 1089 90 Mr. H. L. Setchell, Commercial Secretary, British

420 1128 338 66 Legation, Berne.

476 1153 1031 104 There were 13 members personally present whilst 12

425 1222 514 61 were represented by proxy.

476 1253 861 83 The Meeting was declared open at 3.05 p. m.

220 1283 161 90 Sir George

472 1317 1036 46 Mr. Setchell, after calling upon the Secretary to read

225 1358 129 39 Warner's

425 1337 1078 87 the Notice convening the Meeting, opened the proceedings

221 1385 123 59 address.

423 1400 544 74 with the following address:

636 1453 579 93 Mr. President and Gentlemen,

479 1531 1020 64 The Minister has asked me to represent him at your

419 1592 1081 46 meeting to-day and to convey to you his sincere regrets

426 1626 1073 52 that he is prevented from presiding in person and also

419 1668 1081 46 from having the pleasure of meeting you once more. As

427 1710 1068 48 you are already aware, Sir George Warner is deeply

425 1750 1076 51 interested in the Chamber of Commerce movement in

423 1786 1072 52 Switzerland, follows very closely your various activities

423 1832 1077 44 and has your welfare at heart. I know that you will feel

423 1873 1078 52 his goodwill from his annual address. I will now with

425 1912 1071 56 your permission read Sir George Warner's annual

427 1945 168 72 address:

636 1996 564 84 Mr. President and Gentlemen,

475 2045 1024 76 As your President says, we meet today under the

419 2118 1077 49 shadow of the death of King George who was so greatly

420 2162 1077 39 beloved and respected not only in His Dominions, but all

425 2201 1078 59 over the world. As you are aware I duly submitted to
