1831 2727
781 235 72 120 49

276 358 1072 85 Zuerich, asked leave to mention the legal situation now

279 427 1066 55 existing between Great Britain and Switzerland regarding

282 471 1067 53 jurisdiction in civil matters and the execution of judg¬

278 510 1073 57 ments, and cognate matters. He expressed the opinion

279 553 1069 41 that the Chamber could usefully intervene in this respect

282 593 1071 45 and suggested that the Chamber should get into contact

286 633 1070 42 with other Chambers and similar bodies with a view to

283 668 1069 50 the establishment of an Anglo-Swiss Treaty on lines on

283 714 1065 46 which treaties exist between Switzerland and several other

279 754 1069 40 nations, notably with France. Mr. Setchell replied and

282 794 1065 48 assured Dr. Wyler that he himself was very much inte¬

278 833 1071 51 rested in this particular matter and that the Chamber

278 873 1074 59 and the British Legation would co-operate on the lines

278 911 457 68 suggested by Dr. Wyler.

335 990 1013 62 No other members having expressed the wish to speak,

275 1030 1078 62 Mr. Crowe moved a warm vote of thanks to Mr. Setchell

282 1090 1067 46 and Mr. Goodwin, Zuerich, for their presence that day.

279 1129 1066 47 Mr. H. Kuehn, Geneva seconded and the Meeting warmly

278 1166 1071 45 responded. Mr. Setchell replied stating that he would be

286 1208 1066 42 very happy to co-operate with the Chamber at any time.

279 1238 1074 55 Mr. Goodwin also replied, endorsing Mr. Setchell's remarks

279 1289 1078 42 and expressing his great appreciation for the welcome that

279 1325 1074 47 day and the hospitality extended to him. He assured the

279 1367 1078 49 Chamber that the British Consulates in Switzerland could

280 1404 907 70 always be relied on for assistance of any kind.

331 1459 1020 74 Mr. Crowe then thanked the Vice-Chairmen, Hon.

279 1516 1073 64 Treasurer, Secretary and staff for the work done during

283 1569 1069 43 the year. Mr. Hibbert moved a vote of thanks to Mr.

286 1612 1067 42 Crowe for the services rendered to the Chamber and

279 1650 1072 48 expressed his great regret that Mr. Crowe was that day

286 1691 1065 47 laying down office as President. Mr. Crowe suitably res¬

286 1729 1071 52 ponded. Mr. Setchell added his good wishes for Mr.

283 1773 1072 54 Galland as President succeeding Mr. Crowe and the

282 1809 637 69 Meeting was closed at 4.05 p. m.

1424 997 109 59 Votes

1426 1043 107 57 Thanks
