1825 2730
834 259 77 82 45

332 339 1076 79 common difficulties with cheery confidence and quiet

333 406 1074 50 determination. If the horizon is at present clouded with

335 456 1069 44 political controversies which tend to deprive us all of

330 489 1077 56 initiative, I would urge you to reflect that it is we men

332 529 1075 54 of business who, if actuated by good will, have the power

335 572 1067 47 to influence the economic situation in general and that,

335 616 1069 50 if we strain every nerve to establish real international

332 658 1075 51 understanding, we can contribute in no small measure to

333 693 619 68 the development of world peace.

390 756 1010 82 After the applause which greeted Mr. Crowe's address

1449 777 127 68 Minutes.

330 819 1077 56 had subsided, Mr. Crowe explained that the Minutes of

333 868 1074 48 the last Annual Meeting had been published in printed

330 909 1074 41 form and circulated to all members and he therefore

327 950 1080 43 suggested that the Meeting might take those Minutes as

327 988 1081 49 read. This was unanimously agreed to on the motion of

338 1028 1072 76 Mr. H. A. Crowe, Basle, seconded by Mr. L. S. Haptie,

325 1061 172 63 Lucerne.

384 1124 1266 115 The President then called upon the Secretary to read Annual Report,

324 1186 82 80 the

439 1271 871 85 Annual Report for the Year 1935.

387 1372 1021 77 The year under review was not marked by any events

333 1432 1074 61 of major importance as far as our Chamber was concerned.

336 1479 1071 56 The volume of enquiries and correspondence was on much

333 1525 1080 46 the same level as in previous years and the Chamber's

335 1558 1072 59 activities were mainly concerned with finding agents,

330 1612 1077 44 supplying customs information, doing translation work,

332 1639 1076 49 assisting in recovering outstanding debts, furnishing lists

333 1689 1074 48 of possible buyers or sellers of different kinds of goods

332 1727 1072 44 and, generally, doing everything possible to provide

332 1763 1075 64 members and others with any assistance likely to be of

338 1801 246 45 use to them.

392 1825 1012 68 The ordinary work of the Chamber was supplemented

335 1885 1072 54 by the issue of the Chamber's Official Monthly Bulletin

335 1926 1073 52 which, as from Ist January, 1935, was issued in its present

338 1972 1064 50 form, the idea being to make it reasonably inclusive of

332 2011 1076 52 all kinds of commercial information whilst limiting its

335 2054 1069 50 cost of production to a figure within the Chamber's finan¬

338 2093 1072 43 cial capacity to bear such a burden at all. It is thought

335 2133 1076 44 that members appreciate the Bulletin in its new form but

332 2174 1076 52 the opportunity is taken of reminding them that their

332 2217 1068 58 collaboration is cordially welcomed, be it only by sug¬
