1812 2736
912 286 78 84 - 48

461 356 1033 100 10% has been written off furniture and fittings in

413 426 675 53 accordance with our usual practice.

464 456 1018 62 The net result of the year's working was that expen¬

414 499 1071 63 diture exceeded our income by Fr. 1,682.59 whereas for the

410 550 703 66 previous year the loss was Fr. 871.18.

467 630 1019 70 None of the members present having expressed the

410 684 1080 55 desire for information on the Balance Sheet and Accounts.

413 720 1069 50 Mr. R. Hibbert, Basle, moved, Mr. W. F. Dickson, Zuerich,

407 763 1079 72 seconded and the Meeting unanimously approved the Hon.

417 796 356 74 Treasurer's Report.

197 879 178 71 Electionof

460 886 1025 69 Mr. Crowe explained that, by an oversight, his name

225 932 122 55 Council.

417 937 1064 53 had been included in the list of members retiring by

413 983 1073 43 rotation whereas he had been re-elected for three vears

413 1017 1073 55 at the Annual Meeting held in 1934. The only members

413 1059 1073 51 for re-election that day were, therefore, Messrs. G. E. Farr.

411 1091 1074 69 Berne, and W. F. Dickson, Zuerich. On the other hand,

414 1133 1072 57 Mr. L. S. Haptie, Lucerne, who had been co-opted a

410 1186 1083 47 member of the Council, offered himself for election. On

409 1214 1077 57 the motion of Mr. G. Lecoultre, Zuerich, seconded by Dr.

409 1260 1080 48 M. Wyler, Zuerich the Meeting unanimously re-elected

414 1299 1075 62 Messrs. Farr and Dickson and elected Mr. Haptie for a

413 1337 418 62 period of three years.

457 1415 1021 70 Explaining the decision of the Council at the Meeting

228 1403 143 87 Auditors.

413 1462 1071 61 that day not to propose the re-election of the Schweiz.

413 1515 1071 43 Treuhandgesellschaft for reasons of economy, Mr. Crowe

409 1554 1075 50 asked the meeting to approve this decision of the Council.

409 1598 1073 49 Mr. Ammann, representing Messrs. Danzas & Co. A. G.,

409 1633 1073 53 moved that Honorary Auditors to be nominated by Messrs.

409 1679 1072 39 Danzas & Co. A. G., Basle, and the Basle Warehouse Co.

409 1714 1072 65 Ltd., Basle, should be appointed. Dr. M. Wyler, Zuerich,

410 1756 939 66 seconded and the Meeting unanimously approved.

206 1818 145 76 Honorary

463 1821 1018 81 Mr. Crowe explained the desire of the Council to have

210 1886 142 58 Members.

410 1880 1071 64 Messrs. L. H. Bonnaire, and S. Russell, past members of

410 1931 1071 56 the Council, elected as Honorary Members of the Chamber

410 1975 1072 44 as a mark of esteem and gratitude for services rendered.

409 2011 1071 46 Mr. M. Galland, Lausanne, moved the election, Mr. G.

406 2054 1075 61 Lecoultre, Zuerich, seconded, and the Meeting unani¬

406 2096 293 63 mously agreed.

463 2159 1023 84 Mr. Crowe invited the members to make any remarks

181 2184 210 79 Miscellaneous

406 2231 1079 61 on the work or welfare of the Chamber and Dr. M. Wyler.
