1819 2727
834 277 89 93 - 47

345 355 1074 84 every phase of commerce and industry in their fight for

344 437 1075 47 progress and prosperity. The unsettled conditions of

344 474 1062 46 modern times undoubtedly have their cause in an eco

345 517 1074 47 nomic upheaval such as the world has never experienced

344 554 1074 51 before. More than ever do we require to maintain those

348 591 1075 57 institutions like Chambers of Commerce which aim at

345 632 1074 55 packing the fruitful soil of co-operation firmly round the

349 679 1069 47 roots of economic stability and it is we members of

348 716 1068 46 Chambers of Commerce who can do the spade work re¬

352 759 1067 46 quired. We address this urgent appeal to all members,

344 798 1074 47 present and future, — stand by us, take the long-sighted

348 834 1074 49 view, for you and business men like you constitute your

347 871 1072 67 Chamber of Commerce and, in fighting for it, you are

349 915 1070 53 paving the way for the prosperity of yourself and the

347 951 342 73 whole community.

395 1028 1025 75 After the Secretary had finished reading the Annual

345 1079 1078 63 Report for 1935, the Meeting unanimously approved the

345 1137 1078 55 Report on the motion of Dr. M. Wyler, Zuerich, seconded

345 1176 512 72 by Mr. D. Barnett, Geneva.

395 1270 1015 74 In the absence of the Hon. Treasurer, the Secretary

340 1330 1048 59 read the Treasurer's Report for the year 1935 as follows:

554 1398 502 90 Mr. Chairman, Gentlemen

403 1459 1019 80 You have copies of the Balance Sheet and Annual

349 1510 403 77 Accounts before you.

398 1540 1025 87 The most important item, to which I would draw your

348 1608 1068 54 attention is the decrease of Fr. 900.— in members' sub¬

348 1654 1070 50 scriptions. While it is not as bad as last year, when I had

352 1697 1067 50 unfortunately to point out that there had been a decrease

344 1735 1075 47 in 1934 of Fr. 2,074.— this drop of Fr. 2,974.— during the

353 1771 1061 59 last two years is causing your Council very great anxiety

349 1813 1070 49 It is appreciated that the economic crisis and the

344 1850 861 55 restrictions on trade are responsible for this.

399 1887 1023 67 As regards other items, our advertisements brought in

344 1946 1075 47 Fr. 227.— less than last year, but interest on our invest¬

349 1989 1075 55 ments Fr. 148.— more. The examinations held by us

344 2018 719 72 resulted in a small profit of Fr. 80.—.

399 2060 1015 58 The main items of our expenditure totalled approxima¬

347 2103 1071 64 tely Fr. 117.— less than last year, and it does not seem

352 2150 1060 56 possible to reduce this side of the Balance Sheet any

348 2193 1070 67 further without impairing the efficiency of the services

353 2232 479 62 we give to our members.

1462 1267 168 81 Treasurer's

1490 1336 113 62 Report
