1819 2731
798 272 66 83 - 39

310 343 1065 97 The King your message of sympathy and informed you

306 420 1067 48 on February 20 that your message was highly appreciated

303 459 1069 53 by His Majesty The King and by Her Majesty Queen Mary.

302 496 1070 46 The King has had the advantage of a wide acquaintance

307 536 1066 57 with conditions not only in the United Kingdom but also

303 571 1073 55 in His Overseas Dominions and has also frequently visited

310 618 1066 54 the Continent, and I am sure that I am expressing the

307 657 1066 82 view of all present in wishing His Majesty a long and

311 710 334 60 prosperous Reign.

363 714 1018 84 I very much regret that I am prevented from being

310 781 1071 57 with you to-day. I can only reiterate the statement which

310 821 1071 58 I made to you last year that it is a great pleasure for me

314 873 1069 46 to be associated with the British Chamber of Commerce

308 901 1073 65 in Switzerland and that I am very appreciative of your

307 951 1076 60 endeavours in these difficult times to promote trade

307 984 879 73 between the United Kingdom and Switzerland.

363 1015 1014 70 I am happy to feel that the goodwill and the co¬

311 1062 1068 57 operation which has existed in the past between your

311 1105 1072 55 Chamber and the Commercial Secretary to His Majesty's

314 1149 1073 58 Legation and His Majesty's Consuls has been maintained

313 1186 1066 52 and consolidated. This is indeed essential and many

313 1226 1073 64 instances have been brought to my notice of the value

315 1269 790 56 of such a co-operation to those concerned.

400 1305 987 52 have also to thank the President and Members of

307 1340 1074 59 vour Council for the work which they have so freely

314 1384 1072 50 and voluntarily given. I hear with regret that after

315 1432 1071 53 14 vears valuable service Mr. Crowe may no longer seek

318 1465 1072 56 re-election as President. I am deeply conscious of all that

318 1512 1070 52 he has done in the past for the Chamber and I know that

315 1556 1075 47 he has won the goodwill, esteem and appreciation of you

318 1585 1072 53 all. I should like to take this opportunity to thank him

321 1626 1067 65 personally for all that he has done. As regards his

314 1667 1080 81 successor I shall only be too pleased to assist him as far

318 1717 257 56 as I am able.

376 1732 1015 73 It is not fitting on an occasion of this kind that 1

322 1789 1066 57 should take up too much of your time with a lengthy

322 1824 1073 64 discourse on economic affairs. I feel however you would

323 1875 1068 48 welcome a short review particularly bearing on the

321 1903 1073 69 question as to how far present conditions affect the work

319 1947 1072 66 of vour Chamber. The year 1935 was a very difficult one.

323 1988 1069 53 In the Spring, economic conditions and trade were upset

322 2029 1072 62 by an attack on the Swiss franc, which resulted in a

326 2067 1066 55 tightening up of the money market and a shortage of

327 2114 1064 53 liquid funds which are so essential under present condi¬

322 2155 1073 61 tions for the smooth running of modern commerce. Con¬

326 2186 1070 65 siderable losses were incurred especially by banks on

326 2230 1072 81 their investments in Germany and further the amendment
