1769 2604
472 326 644 77 HINTS ON HOW TO TRADE

545 409 515 78 WITH SWITZERLAND

276 503 1114 76 The British Chamber of Commerce for Switzerland (inc.) has its

208 565 1179 71 Head Office at 21, St. Jakobsstrasse, Basle, and a Branch Office at

208 616 534 66 3, Place St. François, Lausanne.

280 642 1100 75 The Chamber will be happy to furnish any information desired

210 701 1173 54 on the subject of trade with Switzerland. If you are looking for new

208 746 1175 46 openings, wish to find an agent, would like details about customs

214 789 1166 47 duties, do not hesitate to consult the Chamber at either of the offices

204 831 198 68 mentioned.

284 859 1102 66 The population of Switzerland is roughly 4¼ million. Out of

214 919 1175 44 every 1000 inhabitants 726 speak German, 207 French, 52 Italian,

214 966 1029 52 11 the Romanische of the Grisons, and 4 other languages.

286 997 1098 60 When communicating with Swiss firms it is desirable to use the

213 1044 1171 57 languages understood in the country. But if English is the only

218 1091 1168 57 language in which you are proficient, you can also use good, plain

208 1132 147 60 English.

284 1152 1099 74 The decimal system is utilised in Switzerland and it will be

213 1221 1173 52 to your advantage to quote all weights and measures in that system.

213 1261 1173 50 If you have difficulty in finding the equivalents, write to the

216 1303 1168 46 Chamber and obtain a very useful little leaflet with the information

218 1342 338 63 carefully tabulated.

287 1365 1102 72 If, as the result of some misunderstanding, you are unable to

218 1431 1165 48 obtain satisfaction from your Swiss customers, do not immediately

213 1469 1176 49 start a lawsuit. The British Chamber of Commerce for Switzerland

216 1509 1173 58 has a Court of Arbitration which will help you to settle commercial

216 1559 956 54 disputes with a minimum of cost and inconvenience.

280 1598 1109 59 In practically every big Swiss town the telephone system has

213 1638 1173 61 been made automatic so that you can dial the numbers you require.

216 1688 853 58 This also applies to interurban communications.

282 1718 1107 72 In this Trade index the number placed in brackets e.g. (061)

213 1755 1176 87 in front of telephone numbers signifies that the bracketed number

218 1815 974 60 is the call number for the town or district in question.

284 1856 1106 60 Membership of the British Chamber of Commerce for Switzer¬

216 1881 1174 75 land is open to British and Swiss firms or individual persons

218 1952 1172 52 engaged in trade. An application form and full particulars will be

218 1991 385 65 forwarded on request.

292 2013 1101 79 The Anglo-Swiss Trade Review is published regularly by the

220 2084 1173 45 Chamber in the interests of its members and is distributed

220 2125 1169 64 throughout the world. Members receive it free of charge. Adver¬

221 2161 717 72 tisement rates will be supplied on request.
