1706 2606
436 325 1122 97 Metal Works Ltd., Dornach; Phone (061) 6 2441; Telgr. Metal¬

434 387 174 66 Dornach.

370 436 611 87 Brewing Machines and Materials

439 490 1121 78 Borsari & Co. (Builders of vats and tanks of re-inforced con¬

443 565 1104 56 crete for the fermentation of beer, wines and cider), 55, Du¬

439 597 727 48 fourstrasse, Zurich; Phone (051) 24 96 18.

436 633 1119 58 Overseas Breweries Ltd. (Ernest Zollinger) (importers), 18, Bör¬

439 689 1119 59 senstrasse, Zurich; Phone (051) 25 93 50; Telgr. Sekar Zurich.

370 738 468 96 Bricks and Roofing Tiles

436 790 1117 80 David Blackstone & Co., Battledown works, Cheltenham;

436 862 1107 57 Phone Cheltenham 3003; Telgr. Battledown Works, Chel¬

436 898 154 65 tenham.

364 953 310 90 British Railways

434 998 1124 85 British Railways, General Agent for Switzerland Mr. A. H. Bell,

433 1079 1124 64 9, Centralbahnplatz, Basle; Phone (061) 4 1808 and 4 1809; Telgr.

443 1114 273 63 Sudeste Basle.

364 1170 161 84 Brokers

440 1205 1120 91 Tracomme Ltd., rue du Mont-Blanc, Geneva; Phone (022) 2 64 72;

439 1285 650 62 245 12; Telgr. Tracomme Geneva.

363 1330 399 96 Brush Manufacturers

436 1380 1121 79 Alco (Etablissements) Ltd. (Brushes for industrial purposes.

434 1457 1120 55 Specialities: brushes for watchmaking, jewellery and precious

440 1495 1114 52 stone trades Metallic and circular brushes of all kinds). Renens

436 1537 1047 70 near Lausanne; Phone (021) 49705; Telgr. Alco Renens.
