1796 2660
1361 235 106 98 M

560 340 718 95 THE BRITISH CHAMBER

376 410 1067 78 OF COMMERCE FOR SWITZERLAND

1392 490 57 54 -

493 566 840 91 OFFICE HOURS FOR VISITORS:

368 633 1081 70 From 10 to 12 and from 14 to 16. — On Saturdays, 10 to 12 only.

481 692 954 50 The British Chamber of Commerce for Switzerland invite

375 731 1068 46 all those interested in Anglo-Swiss trade to become members

375 773 1076 49 Its services are also at the disposal of non-members against

379 814 1067 51 payment of a modest fee. Visitors are welcomed any time

375 855 1070 51 and are assured of every assistance. Numerous technical journals

380 894 1069 53 periodicals, codes, works of reference, etc., are available for

376 937 215 61 consultation.

382 1001 1058 94 COMMERCIAL INFORMATION SERVICE

482 1074 967 59 All Trade Openings are classified and sent to Members

376 1122 1064 52 separately, besides being published in the journal of the Chamber

376 1165 1069 48 the "ANOLOSWISS COMMERCIAL GAZETTE. Members are als¬

378 1205 1069 65 immediately notified of any enquiry likely to be of special interest

572 1293 684 82 COURT OF ARBITRATION

481 1363 964 63 British firms trading in Switzerland are invited to embody

379 1419 1070 50 in their contracts a clause submitting commercial disputes to

379 1459 1068 62 Arbitration by the British Chamber of Commerce for Switzerland

380 1497 234 62 (Incorporated

482 1514 969 66 The Chamber undertakes to submit all cases to competent

380 1568 1067 73 business men in the various branches and to ensure an ab¬

380 1611 430 61 solutely impartial verdict.

591 1684 652 76 COLLECTION OF DEBTS

489 1751 964 67 The Chamber undertakes the collection of out-standing

380 1789 1077 71 debts, the charge for this service being 5% of the sum to be

379 1845 157 63 collected.

485 1856 465 105 MEMBERS pay only 24%

520 1978 794 85 BULLETIN OF THE CHAMBER

490 2040 968 62 The Chambers official journal is the "ANGLO-SWISS

382 2088 1075 54 COMMERCIAL GAZETTE" which has a world-wide distribution.

383 2141 1078 57 Enquiries should be addressed to the Secretary, Head Office,

380 2180 715 67 Basle. Suitable contributions are invited.

1094 2258 142 63 I
