1769 2660
575 408 86 100 -

799 423 328 83 TILE

238 499 1194 82 LIMITED COMPANY FOR WIRELESS TELEGRAPHY AND TELEPHONY

680 587 309 59 HEAD OFFICES:

269 609 1135 98 CENTRAL POST OFFICE, GENFERGASSE, BERNE

529 689 631 67 TELEPHONE BOLLERK 26.10

281 829 1115 88 HIGH SPEED TELEGRAPHY

506 916 666 101 DIRECT WIRELESS SERVICE

680 993 341 68 GREAT BRITAIN

680 1032 495 83 OVERSEAS COUNTRIES

747 1093 594 79 (from London: via wireless or cable)

683 1125 139 67 SPAIN

266 1158 331 94 SWITZERLAND

686 1170 224 70 DENMARK

683 1203 346 83 POLAND-RUSSIA

676 1255 735 95 JUGOSLAVIA; other BALKAN STATES

750 1318 224 64 (via Belgrade)

676 1344 222 93 HOLLAND

274 1404 1140 86 The Company has Brand-offices in the Central Post Offices in Zürich

351 1474 1063 56 and Geneva connected with the Head Offices in Berne by direct

362 1514 1048 58 private vires. The telegraphic service from Zürich and other parts

357 1554 1041 66 of Eastern Switzerland and also from Geneva via Radiosuisse

357 1602 788 59 is greatly accelerated by these direct connections.

277 1636 1131 86 Telegrams are accepted at all Swiss telegraph offices. Il special ar¬

356 1712 1057 58 rangements are made in advance, telegrams may also be transmitted

354 1755 1050 54 to the Company by telephone. Incoming telegrams will, is desired,

357 1801 783 75 be telephoned to the addressee by the Company.

459 1862 772 97 Telephone call numbers for transmitting telegrams:

555 1938 579 64 BERNE OFFICE: BOLLERK 26.04

555 1980 389 45 ZURICH OFFICE: 51.777

560 2014 385 60 GENEVA OFFICE: 48.855

759 2069 177 85 RATES

403 2127 885 82 The rates for telegrams sent via Radiosuisse are exactly

402 2196 886 52 the same as those for the ordinary telegraph service.
