1809 2666
408 437 74 82 THE

459 504 934 113 SWISS BANK CORPORATIO

458 618 97 57 assescere¬

618 618 815 56 essessessessessessessessessessessessessessessessessessessessessescesserungen

462 659 975 84 (Paid up Capital and Reserves fres. 155.000,000.—)

458 790 603 84 SOCIÉTÉ DE BANQUE SUISSE

461 865 600 55 SCHWEIZERISCHER BANNVEREIN

459 915 605 62 SOCIETA DI BANCA SITZERA

461 972 596 78 in BASLE, ZURICH, ST. GALL GENEVA,

461 1044 597 39 LAUSANNE LA CHAUX DE FONDS.

464 1078 597 42 NEUCHATEL, SCHAFFHOUSE LONDON,

461 1113 596 41 BIENNE, CHIASSO, HERISAU, LE LOCLE,

461 1145 600 61 NYON. AIGLE, BISCHOFSZELL MORGES,

579 1180 370 67 LES PONTS, RORSCHACH

759 1642 682 75 is the only Swiss financial institution with

771 1715 667 57 its own offices in LONDON (City Office:

767 1761 673 51 99. Gresham Street E. C. 2, and West

771 1805 660 69 End Branch: 11 c. Regent Street, S.W. 1.).

761 1859 679 93 Business men are invited to avail them¬

766 1942 670 50 selves of the Corporation's vast expe¬

761 1987 679 56 rience in the handling of any financial

761 2020 680 53 transactions arising from trade Inter¬

761 2071 686 68 course between the British Empire and

953 2117 209 68 Switzerland
