1803 2668
313 348 788 119 DANZAS & C

693 455 314 81 ESTABLISHED 1815

302 490 1098 125 International Forwarding and Shipping Agents

562 586 560 82 HEAD OFFICE BAS LE

663 644 378 79 Branch Offices at

1279 346 116 105 D.

1133 354 95 145 1

305 687 1086 74 ZURICH, SCHAFTHOUSE, ST. GALL, BUCHIS GENEVA, VALLORBE,

309 758 1086 75 CHIASSO, BRIG. MILAN. PARIS NANCY, MULHOUSE, STRASBOURG,

373 791 963 79 MANNHEIM. MAYENCE, FRANCFORT M., DUSSELDORF etc.

310 880 1086 79 General Freight Agents of the Southern Railway, (Brighton

344 945 1004 87 Section), and the London & North Eastern Railway

645 992 406 85 (Great Central Section).

305 1042 1091 129 Daily accelerated service from Svitzerland to England and vice versa.

521 1138 654 89 Proprietars of the Messageries Anglo-Suisse.

298 1191 1094 99 Postal services under Contract with the Swias Federal Postal Department.

343 1411 1010 148 KREIS A CO, PRINTERS

331 1522 1043 131 PETERSGRABEN 21 BALE TEL SAFRAN 23.7

488 1752 728 122 All kinds of printed matter tastefully

628 1839 447 111 and promptly executed

663 2051 385 84 SPECIALITY

336 2120 1034 91 PRINTING OF BONDS, SHARES AND ILLUSTRATIONS
