1777 2662
765 260 114 62 M

893 236 104 80 in

553 339 724 91 THE BRITISH CHAMBER

364 405 1072 82 OF COMMERCE FOR SWITZERLAND

368 480 239 64 -

955 480 232 66 -

483 560 836 81 OFFICE HOURS FOR VISITORS:

356 622 1084 85 From 10 to 12 and from 14 to 16. — On Saturdays, 10 to 12 only.

475 688 964 47 The British Chamber of Commerce for Switzerland invites

363 722 1072 56 all those interested in Anglo-Swiss trade to become members.

360 770 1080 49 Its services are also at the disposal of non-members against

367 808 1072 47 payment of a modest fee. Visitors are welcomed any time

360 852 1075 50 and are assured of every assistance. Numerous technical journals.

361 887 1079 67 periodicals, codes, works of reference, etc., are available for

360 928 219 65 consultation.

359 986 1080 104 COMMERCIAL INFORMATION SERVICE

463 1078 977 55 All Trade Openings are classified and sent to Members

363 1107 1071 58 separately, besides being published in the Journal of the Chamber,

363 1159 1077 49 the "ANGLO-SWISS COMMERCIAL GAZETTE. Members are also

361 1195 1073 58 immediately notified of any enquiry likely to be of special interest.

557 1287 683 86 COURT OF ARBITRATION

464 1369 972 54 British firms trading in Switzerland are invited to embody

357 1399 1075 64 in their contracts a clause submitting commercial disputes to

359 1447 1077 58 Arbitration by the British Chamber of Commerce for Switzerland

363 1489 241 67 Incorporated).

471 1511 971 70 The Chamber undertakes to submit all cases to competent

359 1548 1075 75 business men in the various branches and to ensure an ab¬

356 1608 438 66 solutely impartial verdict.

572 1695 658 79 COLLECTION OF DEBTS

471 1745 969 70 The Chamber undertakes the collection of out-standing

359 1788 1081 72 debts, the charge for this service being 5% of the sum to be

359 1841 162 55 collected.

471 1861 461 84 MEMBERS pay only 2½%

502 1973 797 78 BULLETIN OF THE CHAMBER

468 2038 971 61 The Chambers official journal is the "ANGLO-SWISS

356 2085 1080 49 COMMERCIAL GAZETTE which has a world-wide distribution.

363 2132 1079 64 Enquiries should be addressed to the Secretary, Head Office.

356 2167 724 76 Basle. Suitable contributions are invited.

401 2231 56 75 mi

587 2242 67 71 in
