1756 2663
269 330 977 105 THE BRITISH CHAMBER OF

276 401 1127 80 COMMERCE FOR SWITZERLAND

271 484 297 84 (INCORPORATED)

522 515 891 83 was founded in 1920 with a view to strengthening

518 592 894 51 the chain of commerce and industry connecting the

512 636 898 50 two nations. Since then the Chamber has made

513 678 900 49 every effort to prove worthy of the confidence

515 723 903 52 placed in it. Through its offices in Basle and

515 762 898 58 Lausanne it is in a position to cover fully the whole

522 816 894 54 territory of Switzerland, so that British business

515 858 901 45 men are enabled to supply themselves with accurate

518 900 895 62 information at first hand on every aspect of Swiss

515 949 427 55 industry and commerce.

518 969 898 69 To enable the Chamber to keep its members posted on

515 1032 901 75 the latest developments in both countries, it created the

546 1088 870 99 Anglo-Swiss Commercial Gazette",

518 1157 901 79 a monthly journal which strives, in as independent

515 1221 912 50 a manner as possible, to supplement the work of

522 1267 896 58 the Chamber. Business men who, for one reason

515 1302 905 62 or another, are unable to join the Chamber as

519 1364 899 42 active members will find the ANGLO-SWISS COMMERCIAL

522 1402 905 49 GAZETTE an excellent medium for maintaining contact

519 1441 899 64 with things commercial and industrial, while the

522 1486 891 58 extremely moderate advertisement rates offer a

522 1524 898 75 splendid opportunity of securing essective publicity

515 1578 325 59 at very low cost.

523 1606 900 60 The Chamber's services are also freely at the disposal

522 1666 896 52 of non-members who, however, are expected to pay

515 1713 905 50 a modest see for information supplied. Firms which

519 1752 907 59 are engaged in continuous commercial intercourse

526 1799 896 59 with Switzerland should make a point of joining

522 1845 898 46 the Chamber without delay because, by doing so,

522 1889 898 53 they will not only increase the Chamber's sphere

519 1938 894 48 of usefulness but also create for themselves a power¬

523 1977 407 76 ful business safeguard.

280 2022 877 80 Membership subscriptions are very reasonable and are

281 2088 456 66 payable annually as follows:

848 2105 308 86 75.— Swisa francs

280 2130 423 61 Members in Switzerland

281 2164 709 80 Members outside of Switzerland 3-3
