1825 2731
284 351 307 80 Booking Offices

319 404 1042 58 Cunard White Star Limited, Controller and Supervior's

361 457 998 38 Office, Lucerne (Gebäude der Schweizerischen Kredit¬

356 488 1001 43 anstalt, 8, Schwanenplatz); Phone 20.632 and 20.633,

360 523 1000 42 Telegrams « Cunardstar », Lucerne; (Bookings and

360 557 1000 54 information through all Licensed Passage and Emi¬

356 598 306 45 gration Agents).

323 614 1038 79 Galland & Co., 3, Place St-François, Lausanne ; Phone

356 678 857 45 25.331, Telegrams « Gallandsbank », Lausanne.

280 738 1090 64 Book of Reference for Forwarding Agents and Shipping

319 785 123 56 Firms

322 804 1038 76 « Agard's Continental Shipping and Banks, published

356 867 1004 47 by the Anglo-Continental & International Publishing

361 902 998 45 Offices, Ltd., 3, Boulevard de Grancy, Lausanne;

356 936 251 63 Phone 25.147.

284 985 645 80 Books of Reference for Travellers

323 1031 1038 80 The XXth Century Health & Pleasure Resorts and

361 1094 999 38 the Traveller's Pocket Reference », published by the

356 1122 1005 48 Anglo-Continental & International Publishing Offices,

357 1164 1004 53 Ltd., 3, Boulevard de Grancy, Lausanne ; Phone 25.147.

284 1211 580 72 Boot and She Manufacturers

322 1276 1035 58 Bally's She Factories, Ltd. Schonenwerd ; Phone:

361 1315 919 64 Aarau 32.121, Telegrams « Bally », Schœnenwerd.

281 1364 585 80 Boots and shoes (Accessories)

326 1432 1033 50 David Warnock Ltd., 2, Brazil Street, Manchester, 1;

360 1466 997 50 Phone Central 2898 and Eccles 3174, Telegrams « Da¬

360 1507 1004 49 varnock », Manchester; (all classes and types of

361 1542 810 65 fabrics and linings for the shoe industry).

285 1588 325 79 Bordeaux Wines

319 1651 1042 64 La Maison Darphin, Zoug; Phone 40.496. Telegrams

360 1701 379 49 « Darphin », Zoug. —

758 1707 594 35 Agent General and sole conces¬

356 1734 1005 61 sionnaire in Switzerland for J. Itey & Cie., Bordeaux.

284 1784 409 83 Braid Manufacturers

326 1829 1040 79 G. Kappeler A. G., (in cotton and silk), Zofingen; Phone

356 1895 766 48 81.121, Telegrams Kappeler », Zofingen.

281 1954 125 56 Brass

323 1988 1048 87 Metallwerke A.G., Dornach (Solothurn), manufacturers

366 2052 1004 46 of rods, sheets, strips, circles, sections, tubes and

360 2087 1006 42 wire. Phone 62.441, Telegrams « Metallwerke Dornach

360 2124 136 54 Sol ».

281 2167 326 87 Burgundy Wine

318 2217 1053 89 La Maison Darphin, Zoug; Phone 40.496, Telegrams
