1843 2668
1195 274 141 97 I

595 375 721 94 THE BRITISH CHAMBER

413 443 1076 77 OF COMMERCE FOR SWITZERLAND

527 599 845 84 OFFICE HOURS FOR VISITORS:

411 661 1067 78 From 10 to 12 and from 14 to 16. — On Saturdays, 10 to 12 only

519 728 973 43 The British Chamber of Commerce for Switzerland invites

408 761 1078 51 all those interested in Anglo-Swiss trade to become members.

413 809 1077 46 Its services are also at the disposal of non-members against

421 849 1069 49 payment of a proportionate fee. Visitors are welcomed any time

415 888 1074 54 and are assured of every assistance. Numerous technical journals,

418 937 1064 59 periodicals, codes, works of reference, etc., are available fo¬

415 965 215 75 consultation.

419 1047 1063 82 COMMERCIAL INFORMATION SERVICE

515 1115 975 47 All Trade Openings are classified and sent to Members

413 1158 1073 54 separately, besides being published in the Bulletin of the Chamber,

417 1199 638 52 the "ANGLO-SWISS COMMERCIAL GAZE

1099 1201 390 54 E. Members are also

415 1242 1071 43 immediately notified of any enquiry likely to be of special interest.

613 1322 677 88 COURT OF ARBITRATION

515 1388 970 75 British firms trading in Switzerland are invited to embody

413 1445 1076 49 in their contracts a clause submitting commercial disputes to

419 1490 1067 73 Arbitration by the British Chamber of Commerce for Switzerland

413 1529 240 58 (Incorporated).

519 1543 970 82 The Chamber undertakes to submit all cases to competent

417 1596 1073 70 business men in the various branches and to ensure an ab¬

415 1651 430 66 solutely impartial verdict.

629 1717 654 78 COLLECTION OF DEBTS

520 1782 972 70 The Chamber undertakes the collection of out-standing

419 1837 1070 70 debts, the charge for this service being 5% of the sum to be

419 1881 155 59 collected.

519 1896 466 95 MEMBERS pay only 24%

556 2008 803 76 BULLETIN OF THE CHAMBER

520 2076 970 63 The Chambers official journal is the "ANGLO-SWISS

415 2103 1074 77 COMMERCIAL GAZETTE" which has a world-wide distribution.

417 2174 1073 59 Enquiries should be addressed to the Secretary, 20, Rittergasse,

419 2213 714 66 Basle. Suitable contributions are invited.
