1809 2686
272 395 1150 90 DUSINES MEN

648 479 829 90 FOR ALL YOUR BANKING TRANSACTIONS

747 534 646 72 WITH SWITZERLAND APPLY TO:

674 593 770 123 GALLAND & C

649 689 825 87 ENGLISH AND AMERICAN BANKERS

852 744 430 94 LAUSANNE

844 817 441 73 3, Place St-François, 10 Floor

281 855 1197 80 All Banking business transacted on best terms. — Collection of bills

573 925 901 83 Letters of Credit. — Transfers. — Investments

281 929 207 63 and drafts.

622 980 508 52 Coupons. — Exchange, etc.

375 994 993 81 HOUSE AND ESTATE AGENCY DEPARTMENT.

384 1067 996 66 A complete list of villas and apartments to be let furnished

384 1117 992 68 or unfurnished is provided free of charge on application.

386 1163 988 55 Tourist Office. — Insurance of goods and luggage, etc.

278 1207 1194 84 BOOKING OFFICE FOR ALL STEAMSHIP COMPANIES.

286 1316 1026 57 MAX HERZ, ST. GALL, Embroderies & Laces of all kinds

280 1356 1148 75 M. & J. HERZ & FALK, 45 Basinghall Street, LONDON EC 2,

500 1413 432 39 Embroider Manufacturers

286 1444 761 79 GARDEN CITY EMBROIDERY WORKS

863 1449 614 96 LETCHORTH HERTS (England)

280 1505 1042 86 ANGLO-SWISS-AUTOMATICS HERZ & Co. St. GALL

506 1572 274 57 Machine Builders

284 1590 852 67 Automatie Handkerchief Cutting Machines for bordered and plain

432 1645 460 31 Tearing Machines for Handkerchiefs

427 1658 937 50 Plaiting. & Mensuring Machines with automatic piece dividing apparatus

430 1690 1038 56 Ironing Machines for Hankerchiefs, Embroideries etc. with automatic water humidisier

432 1725 662 42 Sample Cutting Machines for Embroideries & Laces

432 1757 500 55 Sewing Machines for long length etc.

427 1782 264 48 Hemming Machines.

1335 1895 82 66 T

338 1928 1044 107 I. FANKHAUSER & G,

438 2013 872 101 ARTIFICIAL SILK, YARNS AND WASTE

338 2101 1096 95 ESTABLISHED 1886 BASE ESTABLISHED 1886

746 2180 283 64 (SWITZERLAND

338 2187 402 121 Telegraphie Address: TITUS

798 2185 640 121 Codes: ABC. 51 & et Editions, and Bentley's
