1834 2683
466 72 60 87 1

570 99 87 87 .

563 354 723 97 THE BRITISH CHAMBER

380 438 1071 75 OF COMMERCE FOR SWITZERLAND

492 586 844 79 OFFICE HOURS FOR VISITORS;

368 654 1079 70 From 10 to 12 and from 14 to 16.— On Saturdays, 10 to 12 only

480 716 966 53 The British Chamber of Commerce is at the service of an¬

372 724 1075 94 welcomes enquiries from business men interested in commerce

374 799 1076 82 with Switzerland. An office, a telephone and a postal address

370 839 366 81 are at their disposal.

372 934 1074 94 COMMERCIAL INTELLIGENCE SERVICE

472 1028 975 48 All Trade Openings are classified and sent to Members

370 1062 1076 80 separately, besides being published in the Bulletin of the Chamber¬

366 1117 724 76 the "ANGLO-SWISS COMMERCIAL GAZETTE

562 1231 685 88 COURT OF ARBITRATION

473 1301 973 84 British firms trading in Switzerland are invited to embody

361 1354 1085 74 in their contracts a clause submitting commercial disputes to

368 1407 1079 83 Arbitration by the British Chamber of Commerce for Switzerland

372 1444 246 69 Incorporated).

466 1476 981 73 The Chamber undertakes to submit all cases to competent

363 1540 1075 54 business men in the various branches and to ensure an ab

363 1576 432 83 solutely impartial verdict

581 1665 655 105 COLLECTION OF DEBTS

474 1744 973 83 The Chamber undertakes the collection of out-standing

363 1801 1086 95 debts, the charge for this service being 5% of the sum to be

362 1849 165 68 collected

469 1876 703 98 MEMBERS pay one half of this fee only.

500 2023 805 81 BULLETIN OF THE CHAMBER

470 2088 968 77 Enquiries with regard to advertissements in the "ANGLO-SIS

361 2127 1078 86 COMMERCIAL GAZETTE should be addressed to the Secretary

366 2198 958 82 who will also be glad to consider MSS. for publication.

307 2269 65 63 I
