1777 2672
427 742 1031 92 TRADE IRIDE

530 826 806 80 Classified List of the Members of the

391 887 1087 76 British Chamber of Commerce for Switzerland

395 1092 371 76 Accident Insurance

429 1138 1043 66 The Northern Assurance Co., Ltd., (theft, glass, water,

461 1196 1009 46 automobile, all risks), 1, Moorgate, London, E. C. 2 and

461 1234 1004 48 59, Eulerstrasse, Basle (Mr. Egli, Phone 44.461, Basle),

461 1272 1004 48 3, Place St-François, Lausanne, and 13. Quai des Ber¬

457 1307 274 67 gues, Geneva.

391 1366 409 80 Agents (Commission)

433 1413 1033 78 Max Burgauer (textiles), 4, Dufourstrasse, St. Gallen;

465 1474 822 49 Phone 152, Telegrams « Burma » St. Gallen.

433 1491 1037 80 A. Butow, 8, Rue de Fribourg, Geneva, (Agents for « Pol

468 1560 1004 51 Roger », « McCallum's Perfection Scotch Whisky »,

465 1590 1002 47 Nicholson's Gin », « Cockburn's Port », « Williams &

472 1625 995 51 Humbert's Sherries; Phone 25.314, Telegrams « Bu¬

472 1660 256 56 tow » Genève.

430 1693 1040 65 Henri Moraz, 3, Rue Tapffer, Geneva (and 50. Valentin,

468 1740 998 42 Lausanne) ; Phone 47.968 (Geneva). (Sole agencies de¬

467 1782 1002 45 sired for whole of, or any part of, Switzerland; terms

464 1813 114 63 cash).

430 1832 1043 83 Lucien Wyler (woollen and cotton piece goods), 54, Peter

465 1895 677 63 Merianstrasse, Basle ; Phone 23.015.

392 1957 717 75 Agents (Sewing Cottons and Needles)

429 2003 1040 73 The Central Agency, Ltd., 46, Stauffacherquai, Zurich:

465 2064 810 64 Phone 51.939. Telegrams « Centralagency ».

395 2117 245 81 Air Services

429 2166 1040 76 Imperial Airways. Ltd., Airport of London, Croydon;

462 2231 1011 49 Phone Croydon 2046, Telegrams « Flying » Croydon.
