1763 2666
280 343 642 76 Books of Reference for Travellers

319 403 1038 62 The XXth Century Health & Pleasure Resorts » and

353 452 1003 51 the « Traveller's Pocket Reference », published by the

355 492 1000 46 Anglo-Continental & International Publishing Offices,

353 527 1000 68 Ltd. 3, Boulevard de Grancy, Lausanne; Phone 25.147.

279 566 572 81 Boot and Shoe Manufacturers

313 634 1043 78 Bally's Shoe Factories, Ltd. Schonenwerd ; Phone 4.

357 682 380 59 Telegrams « Bally ».

280 725 577 87 Boots and shoes (Accessories)

316 781 977 85 David Warnock Ltd., 2, Brazil Street, Manchester,

353 845 998 51 Plione Central 2898, Telegrams « Davarnock » Man¬

355 880 996 51 chester ; (all classes and types of fabrics and linings

352 907 425 72 for the shoe industry).

279 965 300 65 Bordeaux Wine

321 1014 1035 60 La Maison Darphin, Zoug; Phone 4.90, Telegrams «Dar¬

352 1066 1003 72 phin » Zoug. Those interested are heartily invited to

361 1099 678 77 visit the cellars and depots in Zug,

279 1158 404 77 Braid Manufacturers

314 1190 1043 114 G. Kappeler (in cotton and silk), Zofingen; Phone 81.121.

353 1267 639 59 Telegrams « Kappeler », Zofingen.

280 1314 523 71 Building Boards (Ten Test)

318 1347 1026 87 International Fibre Board, Ltd., Post Office Box 687

353 1429 1004 42 Ottawa, Canada. Telegrams « Fiboard » Ottawa, Re¬

357 1464 751 43 presentative for Continental Europe

1189 1463 166 47 C. W. F.

356 1494 923 77 France, 8, Rue de la Bourse, Brussels, Belgium,

280 1541 312 86 Burgundy Wine

319 1572 1038 111 La Maison Darphin, Zoug; Phone 4.96, Telegrams

357 1651 333 48 « Darphin» Zoug.

757 1649 599 65 Those interested are heartily

357 1691 892 57 invited to visit the cellars and depots in Zug,

283 1730 527 89 Buyers for all Swiss Goods

321 1799 1040 93 Lucien Wyler, 54, Peter Merianstrasse, Basle ; Phone

353 1842 125 68 23.015.

279 1892 293 87 Buying Agents

317 1957 1045 78 H. Moraz, 3, Rue Tapffer, Geneva, (and 50, Valentin.

355 2010 654 68 Lausanne); Phone 47968 (Geneva).

283 2052 313 85 Canadian Goods

317 2086 1042 94 The Canadian Government Trade Commissioner, 26 h.

360 2164 999 67 Beursplein, Rotterdam, Holland: Phone 56733, Tele¬

353 2198 587 69 grams « Canadian » Rotterdam.
