1790 2663
395 445 84 69 THE

461 503 934 114 SWISS BANK CORPORATIOI

452 612 978 45 Bed###e.

455 650 961 89 (Paid up Capital and Reserves fres. 153,000,000.—)

450 786 598 67 SOCIÉTÉ DE BANQUE SUISSE

450 851 598 53 SCHWEIZERISCHER BANKVEREIN

452 901 599 65 SOCIETA DI BANCA SVIZZERA

448 965 600 77 In BASLE, ZURICH, ST. GALL, GENEVA,

458 1032 590 49 LAUSANNE, LA CHAUX-DE-FONDS,

456 1077 596 39 NEUCHATEL, SCHAFFHOUSE, LONDON,

453 1107 593 42 BIENNE, CHIASSO, HERISAU, LE LOCLE,

456 1144 590 43 NVON, AIGLE, BISCHOFSZELL, MORGES,

459 1185 592 51 LES PONTS, RORSCHACH, VALLORBE

745 1628 685 89 is the only Swiss financial institution

758 1706 672 51 with its own offices in LONDON (City

760 1746 676 48 Office: 43, Lothbury, E.C. 2, and West

758 1794 666 62 End Branch: 11 c, Regent Street, S.W.1.

752 1867 669 72 Business men are Invited to avail them¬

760 1926 657 47 selves of the Corporation's vast expe¬

758 1972 664 50 rience in the handling of any financial

760 2013 664 64 transactions arlsing from trade Inter¬

754 2057 670 73 course between the British Empire and

976 2105 222 72 Switzerland.
