1791 2662
634 355 433 99 SPECIALISTS

276 484 1156 132 INTERNATIONAL SHIPPING & FORWARDING

957 628 88 118 L

1169 634 152 127 BA

1338 635 89 123 S1

605 639 184 125 8

203 642 258 130 CRO

637 745 434 90 9, LANGE GASSE

734 807 238 92 ZURICH

1126 788 263 111 CHIASSO

310 807 269 97 ST. GALL

318 884 1080 79 Daily fast groupage service from Basle, Zurich, St. Gall etc.,

316 944 1074 49 to Antwerp, and to London, Manchester, Liverpool, and other

322 985 1074 89 parts of the U. K. and vice versa. Shortest transit time offered

424 1037 864 52 and cheapest through rates quoted to any point.

243 1058 1181 108 EXPERTS IN CONTINENTAL CUSTOMS CLEARANCE, etc.

473 1163 779 91 GENERAL FREIGHT AGENTS OF THE

318 1237 1075 94 LONDON & NORTH EASTERN RY. CO.

594 1303 525 61 (GREAT EASTERN SECTION)

280 1326 1165 101 GENERAL FREICHT AGENTS FOR SWITZERLAND OF THE

320 1410 1078 84 CUNARD STEAMSHIP COMPANY, LTD.

322 1473 1068 80 The fastest and most reliable service in existence to the U. S. A.

645 1530 429 56 for all classes of goods.

668 1580 388 82 AGENTS FOR THE

322 1613 1076 101 DOMINION EXPRESS CO., OF CANADA

326 1709 1072 77 Regular service from Switzerland via Antwerp and Liverpool

491 1760 743 83 to Canada and western points of U. S. A.

668 1825 393 116 ALLIED HOUSES IN:

332 1913 816 72 ENGLAND: London, Manchester, Liverpool.

328 1947 1074 81 BELGIUM: Antwerp. ITALY: Milan. Rome, Como, Genoa.

329 2019 1075 64 ALSACE-LORRAINE: Strasbourg. Mulhouse, St. Louis.

586 2068 558 89 Agents in every part of the World.

280 2131 1171 72 ALL KINDS OF INSURANCE EFFECTED AT LOWEST PREMIUMS

260 2194 1190 63 STORAGE IN OIN FAREHOUSE AND MOTOR TRANSPORT WORK
