1653 2422
383 308 1089 130 welcome and all assistance will be given to them for

383 403 353 76 a very small fee.

422 470 1050 80 All trade openings addressed to the Chamber, both

377 504 1085 98 at the Head Office and at the Lausanne branch, are

381 596 1077 81 sent out weekly to all Members besides being pub¬

381 637 866 84 lished periodically in the Official journals.

421 706 1041 77 The Services of the Chamber during its first year

381 751 1082 90 have met with great appreciation and there can be

373 800 1092 88 no doubt that if Members would only state more

376 871 1086 78 definitely their requirements and interests, a more

380 930 1077 71 efficient service still could be given. The Chamber,

374 1001 1085 76 naturally, does not know in every case what the

381 1052 931 71 special requirements of its Members may be¬

415 1107 1046 73 It may be claimed that this Chamber is one of

370 1158 1089 85 the most up-to-date institutions of its kind. No effort

378 1221 1079 69 or expense has been spared to bring its organisation

377 1277 1081 71 up to the highest level of efficiency. The most modern

370 1334 1089 68 methods of referencing and filing information are

373 1399 1074 85 employed and each member of the staff has a know¬

374 1443 701 76 ledge of at least three languages.

417 1491 1044 103 Owing to the most cordial relations which exist

373 1560 1089 83 between the Chamber and the trade departments of

369 1613 1086 87 the respective Governments and also with the trade

373 1685 1084 66 organisations in both countries, it is self-evident that

369 1736 1079 80 the Chamber is in the best position to obtain infor¬

370 1809 1085 72 mation and trade facilities which individual firms

370 1859 1092 84 would find relatively difficult to secure by their own

369 1907 151 82 efforts.
