1641 2422
243 556 1010 103 HE British Chamber of Commerce for Switzerland,

281 639 978 69 which started work in October, 1920, numbers

273 688 986 86 already over three hundred Members and is

178 757 1085 62 taking a most active part in the encouragement of

180 804 1080 86 trade relations between Great Britain and Switzerland.

217 876 1044 63 It will advise its Members, free of charge, on all

184 920 1079 78 matters in connection with trade between the British

183 976 1078 85 Empire and Switzerland and vice versa: it will supply

183 1042 1077 73 its Members, on demand, with exact Customs classi¬

180 1090 1088 78 fications of goods and notify them of any change in

187 1161 1081 73 Customs duties and Commercial Legislation likely to

187 1223 1087 82 affect special trades; it will undertake to put through

187 1276 1081 76 applications for import licences in any cases where

189 1332 617 88 import licences are necessary.

235 1385 1039 87 Firms are especially asked to avail themselves of

186 1447 1081 77 the Chamber's advice and assistance when appointing

195 1503 1080 96 agents; status information can be provided at a

187 1569 271 77 nominal fee.

231 1602 1051 87 Members should make the Offices of the Chamber

190 1667 1092 85 their Headquarters when travelling in Switzerland.

198 1740 1078 72 The Board Room of the Chamber is at their disposal

197 1802 1079 64 for interviews or for informal meetings; correspon¬

201 1849 1085 84 dence can be addressed there and they can also get

194 1907 1088 92 their letters written there. Non-Members are also
