1640 2422
200 332 1041 91 Apart from thousands of letters containing ordinary

159 399 1087 83 correspondence, between 450 and 500 specific trade

159 465 1090 81 enquiries have been dealt with during the past nine

159 516 1087 89 months and satisfactorily settled and these have, in

160 579 1085 77 a great number of cases, resulted in the establishment

166 641 774 67 of new and sound business relations.

205 694 1046 79 Although during the first year, the greater part of

167 754 1083 63 the time must be given up to internal organisation

173 806 1076 91 (the necessity of which, from the outset, will be easily

167 871 1087 75 appreciated by all serious business men), every effort

166 929 1084 70 has been made steadily to increase the material at

168 986 1087 78 the disposal of the Commercial Intelligence Department

174 1046 1075 70 to the general benefit of Anglo-Swiss trade relations.

219 1097 1038 76 The Chamber has been called upon to arrange cases

174 1163 1077 73 of arbitration and Members and other interested par¬

179 1211 1083 76 ties are asked to keep this branch of its activities in

173 1268 1025 79 mind and to make use of it should occasion arise

181 1334 1081 70 a course which is likely to save them much expense

181 1383 1080 79 in legal fees, etc. The Chamber has also acted as

182 1448 1080 91 intermediary in several cases and thus avoided both

185 1507 625 71 lawsuits and arbitration cases.

223 1541 1046 94 A Trade index is kept of all Members and will be

182 1624 1080 64 brought up to date and published every half-year,

190 1679 1076 75 giving full details of Members trades; one copy will

185 1735 1090 71 be issued free to each Member, further copies can

186 1802 966 72 be obtained at the price named on the cover.

236 1849 1030 74 The official journals of the Chamber are "The Anglo¬

186 1905 1086 90 Swiss Review published at Basle and "The English
