1797 2675
704 349 306 154 Marconi's

557 492 832 126 Telegraph Company, Limite

269 466 293 145 Wireless

660 603 199 82 MMINIAAMIN

1375 596 68 81 Iii

260 662 1189 132 Direci, High-Speed, Aulomatic, Duplex Wireless Working

765 751 177 89 belween

464 821 780 109 BERNE and LONDON

609 908 504 89 serving the whole of

458 961 783 123 SWITZERLANE

754 1053 191 66 AND THE

476 1100 771 118 UNITED KINGDOM

701 1184 546 86 Ordinary rate 2½2 d p. word

450 1190 181 131 RATES:

694 1263 563 87 Urgent rale 7½ d p.word

259 1347 1186 87 Messages handed in al Government Postal Telegraph Offices

260 1431 1145 67 in Switzerland & the Unised Kingdom should be plainly marked:

651 1485 394 91 VIA "MARCONT"

377 1529 952 106 (No charge is made for this rouling instruction)

257 1610 1186 116 Messages traversing this Service are expeditiously and effi¬

694 1690 317 90 cienily handled.

257 1738 431 99 Address enquiries to:

402 1813 1041 72 IN SWITZERLAND—Marconi Radio Station A.-G., Bern,

529 1863 799 68 Genfergasse, Hauptpostgebäude, BERN.

402 1908 1046 66 IN LONDON—The Traffic Manager, Marconi's Wireless

532 1968 913 74 Telegraph Co., Lid., 2/12, Wilson Streef, LONDON,

531 2011 124 76 E. C 2.

265 2044 1181 79 Good services are olso mainiained wilh Conado, U. S. A. Central and South Americo, West

265 2115 1184 40 Indies, Austrolasie, France, Spoin, elc. â€” Jo nearly all poinis ihe raies "Via Marconi" are

263 2146 1182 41 appreciably lower thon lhose quoled by lhe Coble Compantes. — The British Chamber of

260 2180 1189 68 Commerce underiakes ihe codinq and decoding of messages "VIA MARCONI". A Copy

531 2208 652 72 o the Marconi Code is at lhe disposol o troders.
