1808 2583
251 179 1028 80 General Watch Co. (Helvetia watches), 18, rue du Faucon, Bienne.

253 242 602 51 W. & H. Gröflin, Tenniken (Baselland).

248 281 723 55 S. Kocher & Co., 5, Viaduktstrasse, Grenchen,

251 310 808 61 Langendorf Watch Co. Ltd., Langendorf (Solothurn).

247 354 886 59 R. Lapanouse Ltd., Rego Watch, Bubendorf (Baselland).

247 395 1233 54 Leonidas Watch Factory Ltd. (manufacturers of ladies' and gentlemen's wrist¬

253 442 1228 45 watches, pocket watches, all kinds of chronographs, calendar watches and

248 470 1235 45 chronographs, industrial and sport stop watches, etc.), 8, rue Beau-Site, St-Imier,

250 515 1233 49 Longines Watch Co. (Francillon Ltd.) (manufacturers of Longines precision

251 543 301 46 watches), St-Imier.

247 561 1057 68 Meyer & Stüdell Ltd. (all kinds), 81, Weissensteinstrasse, Solothurn.

247 620 1180 58 Muros Watch Factory (Erwin Triebold) (watches and alarm clocks), Mumpf,

247 658 810 45 Nivada Watch Co. Ltd., 22, Bündengasse, Grenchen.

248 678 1085 70 Oris Watch Co. Ltd. (watches and alarm clocks), Holstein (Baselland).

253 724 1224 57 Pierce Chronograph & Watch Factories Ltd. (all kinds; specialities: chrono-

247 775 1233 57 graphs, waterproof, parashock, selfwinding, sweep second, extra flat, non¬

245 806 788 45 magnetic watches), 103, faubourg du Lac, Bienne.

247 840 379 43 Rodana Ltd., Grenchen.

247 852 1216 71 Selza Watch Co. Ltd. (all kinds of lever watches and movements; specialities:

253 922 1228 41 ladies' and gentlemen's selfwinding watches, calendar watches, chronograph,

253 952 504 37 etc.), 28, rue du Faucon, Bienne.

245 979 797 66 Sindaco S.A. (watches and alarm clocks), Locarno.

256 1028 394 52 W. Triebold, Rheinfelden.

251 1048 1236 76 U.K. Time Branch of the United States Time Corporation, Camperdown, Dundee,

247 1097 152 47 Scotland.

253 1120 1202 71 Universal Watch Factory, Perret & Berthoud Ltd., 43, rue du Rhône, Geneva.

199 1191 234 84 Watch Tools

248 1238 908 92 Golay-Buchel & Co. Ltd., 5, rue du Grand-Pré, Lausanne.

199 1321 320 83 Water Treatment

251 1370 1226 73 Clensol S.à r. (including water filtration, sterilization and softening, anti¬

251 1438 1232 37 scaling and anti-corrosive treatment of steam boilers and hot water systems.

251 1466 752 57 and treatment of waste water), Lutry-Lausanne.

202 1507 391 88 Waterproof Garments

250 1571 1230 55 The Bradford Worsted Co. (manufacturers and merchants of ladies' and gentle¬

253 1624 1228 42 men's cotton, wool gabardines, single and double texture waterproofs), 35, Bury

251 1651 399 49 New Road, Manchester 8.

256 1668 1231 81 S. L. & M. Feathers Ltd. (raincoat and waterproof manufacturers), 56, Dale

253 1723 507 45 Street, Piccadilly, Manchester 1.

251 1729 1110 71 The Leyland & Birmingham Rubber Co. Ltd. (Manufacturers), Leyland.

248 1783 1235 56 James E. Partridge (agent for Greengate and Irwell Rubber Co. Ltd., Manchester 2.

251 1834 1235 54 manufacturers of all kinds of waterproof clothing, hospital sheeting, etc.), 22,

250 1862 297 51 Maupas, Lausanne.

248 1882 1235 72 PKz Burger-Kehl & Co. Ltd. (raincoat and waterproof garment manufacturers).

253 1937 422 34 115, Bederstrasse. Zurich 2.

248 1957 1113 62 Rubber Hug Ltd. (raincoat manufacturers), 38, Lindenstrasse, Zurich 8.

254 2014 1019 56 Tree & Co. (agents for raincoats), 4, Stampfenbachplatz, Zurich 6.

199 2067 129 80 Waxes

253 2122 1233 60 Cyclo Chemicals Ltd. (wax refiners and manufacturers of waxes for cosmetic,

251 2176 1235 36 food and all industrial purposes), Manfield House, 376, Strand, London W. C. 2.

251 2212 1235 60 Gastpar, Klaeger & Co. (agents and importers of war, beeswax, borax and

254 2244 554 57 paraffin), 47, Bahnhofstrasse, Olten.
