<?xml version="1.0" encoding="UTF-8"?>
<alto xmlns:xsi="http://www.w3.org/2001/XMLSchema-instance"
      xmlns="http://www.loc.gov/standards/alto/ns-v4#"
      xmlns:page="http://schema.primaresearch.org/PAGE/gts/pagecontent/2013-07-15"
      xsi:schemaLocation="http://www.loc.gov/standards/alto/ns-v4# https://www.loc.gov/standards/alto/v4/alto.xsd">
   <Description>
      <MeasurementUnit>pixel</MeasurementUnit>
      <sourceImageInformation>
         <fileName>tradin_9960590510105504_1951_85 seiten-0059.jpg</fileName>
      </sourceImageInformation>
      <Processing ID="IdOcr">
         <processingDateTime>2023-03-23T12:01:15.457+01:00</processingDateTime>
         <processingSoftware>
            <softwareCreator>READ COOP</softwareCreator>
            <softwareName>Transkribus</softwareName>
         </processingSoftware>
      </Processing>
   </Description>
   <Layout>
      <Page ID="Page1" PHYSICAL_IMG_NR="1" HEIGHT="2586" WIDTH="1809">
         <TopMargin HEIGHT="0" WIDTH="1809" VPOS="0" HPOS="0"/>
         <LeftMargin HEIGHT="2586" WIDTH="0" VPOS="0" HPOS="0"/>
         <RightMargin HEIGHT="2586" WIDTH="0" VPOS="0" HPOS="1809"/>
         <BottomMargin HEIGHT="0" WIDTH="1809" VPOS="2586" HPOS="0"/>
         <PrintSpace HEIGHT="2586" WIDTH="1809" VPOS="0" HPOS="0">
            <TextBlock ID="TextRegion_1675698179030_80675"
                       HEIGHT="77"
                       WIDTH="1416"
                       VPOS="173"
                       HPOS="140"
                       LANG="">
               <Shape>
                  <Polygon POINTS="140,173 1556,173 1556,250 140,250"/>
               </Shape>
               <TextLine ID="TextRegion_1675698179030_80675_tl_1"
                         BASELINE="194,238 224,236 254,238 284,238 314,238 344,238 374,238 404,238 434,238 464,238 494,238 512,238"
                         HEIGHT="67"
                         WIDTH="324"
                         VPOS="194"
                         HPOS="186">
                  <String ID="string_TextRegion_1675698179030_80675_tl_1"
                          HEIGHT="67"
                          WIDTH="324"
                          VPOS="194"
                          HPOS="186"
                          CONTENT="Meta Safety Fuel"/>
               </TextLine>
            </TextBlock>
            <TextBlock ID="TextRegion_1675698179030_80674"
                       HEIGHT="56"
                       WIDTH="1416"
                       VPOS="250"
                       HPOS="140"
                       LANG="">
               <Shape>
                  <Polygon POINTS="140,250 1556,250 1556,306 140,306"/>
               </Shape>
               <TextLine ID="TextRegion_1675698179030_80674_tl_1"
                         BASELINE="244,280 274,282 304,282 334,282 364,282 394,282 424,284 454,284 484,284 514,284 544,284 574,284 604,284 634,282 664,284 694,284 724,284 754,284 784,286 812,286"
                         HEIGHT="84"
                         WIDTH="572"
                         VPOS="223"
                         HPOS="236">
                  <String ID="string_TextRegion_1675698179030_80674_tl_1"
                          HEIGHT="84"
                          WIDTH="572"
                          VPOS="223"
                          HPOS="236"
                          CONTENT="Meta Ltd., 51, Leimenstrasse, Basle."/>
               </TextLine>
            </TextBlock>
            <TextBlock ID="TextRegion_1675698177799_80670"
                       HEIGHT="49"
                       WIDTH="1416"
                       VPOS="306"
                       HPOS="140"
                       LANG="">
               <Shape>
                  <Polygon POINTS="140,306 1556,306 1556,355 140,355"/>
               </Shape>
               <TextLine ID="TextRegion_1675698177799_80670_tl_1"
                         BASELINE="190,344 220,344 250,344 280,346 310,346 340,344 370,346 400,344 430,346 460,346 490,346 520,346 550,346 580,346 610,346 640,346 670,346 700,348 720,348"
                         HEIGHT="73"
                         WIDTH="536"
                         VPOS="292"
                         HPOS="181">
                  <String ID="string_TextRegion_1675698177799_80670_tl_1"
                          HEIGHT="73"
                          WIDTH="536"
                          VPOS="292"
                          HPOS="181"
                          CONTENT="Motors (Internal Combustion)"/>
               </TextLine>
            </TextBlock>
            <TextBlock ID="TextRegion_1675698176435_80664"
                       HEIGHT="83"
                       WIDTH="1416"
                       VPOS="355"
                       HPOS="140"
                       LANG="">
               <Shape>
                  <Polygon POINTS="140,355 1556,355 1556,438 140,438"/>
               </Shape>
               <TextLine ID="TextRegion_1675698176435_80664_tl_1"
                         BASELINE="248,386 278,388 308,388 338,388 368,388 398,388 428,388 458,390 488,390 518,390 548,390 578,390 608,390 638,392 668,392 698,392 728,392 758,392 788,392 818,392 848,390 878,392 908,390 938,392 968,392 998,392 1028,392 1058,392 1088,392 1118,394 1148,394 1178,394 1208,394 1238,394 1268,394 1298,394 1328,394 1358,394 1388,394 1418,394 1448,396 1478,398 1482,396"
                         HEIGHT="104"
                         WIDTH="1241"
                         VPOS="326"
                         HPOS="239">
                  <String ID="string_TextRegion_1675698176435_80664_tl_1"
                          HEIGHT="104"
                          WIDTH="1241"
                          VPOS="326"
                          HPOS="239"
                          CONTENT="Motosacoche Ltd. (for agricultural and industrial purposes), 56, route des Acacias,"/>
               </TextLine>
               <TextLine ID="TextRegion_1675698176435_80664_tl_2"
                         BASELINE="248,418 278,420 308,420 338,420 368,420 374,420"
                         HEIGHT="53"
                         WIDTH="134"
                         VPOS="394"
                         HPOS="237">
                  <String ID="string_TextRegion_1675698176435_80664_tl_2"
                          HEIGHT="53"
                          WIDTH="134"
                          VPOS="394"
                          HPOS="237"
                          CONTENT="Geneva."/>
               </TextLine>
            </TextBlock>
            <TextBlock ID="TextRegion_1675698175465_80660"
                       HEIGHT="63"
                       WIDTH="1416"
                       VPOS="438"
                       HPOS="140"
                       LANG="">
               <Shape>
                  <Polygon POINTS="140,438 1556,438 1556,501 140,501"/>
               </Shape>
               <TextLine ID="TextRegion_1675698175465_80660_tl_1"
                         BASELINE="192,482 222,482 252,482 282,482 312,482 342,484 372,484 402,484 432,484 462,484 492,482 522,484 552,484 582,484 612,484 642,484 672,484 702,484 732,486 762,486 792,484 812,484"
                         HEIGHT="88"
                         WIDTH="627"
                         VPOS="425"
                         HPOS="183">
                  <String ID="string_TextRegion_1675698175465_80660_tl_1"
                          HEIGHT="88"
                          WIDTH="627"
                          VPOS="425"
                          HPOS="183"
                          CONTENT="Motor Cars and Motor Accessories"/>
               </TextLine>
            </TextBlock>
            <TextBlock ID="TextRegion_1675698174892_80656"
                       HEIGHT="70"
                       WIDTH="1416"
                       VPOS="501"
                       HPOS="140"
                       LANG="">
               <Shape>
                  <Polygon POINTS="140,501 1556,501 1556,571 140,571"/>
               </Shape>
               <TextLine ID="TextRegion_1675698174892_80656_tl_1"
                         BASELINE="250,526 280,526 310,528 340,528 370,528 400,528 430,528 460,528 490,528 520,530 550,530 580,530 610,530 640,528 670,530 700,530 730,528 760,528 790,530 820,530 850,530 880,532 910,532 940,530 970,530 1000,530 1030,530 1060,530 1090,532 1120,530 1150,532 1180,532 1210,532 1240,532 1270,532 1300,532 1330,532 1360,532 1390,532 1420,532 1450,532 1480,532 1482,532"
                         HEIGHT="70"
                         WIDTH="1238"
                         VPOS="495"
                         HPOS="242">
                  <String ID="string_TextRegion_1675698174892_80656_tl_1"
                          HEIGHT="70"
                          WIDTH="1238"
                          VPOS="495"
                          HPOS="242"
                          CONTENT="Amalgamations Ltd. (motor accessories), 202, Mount Road, Madras, (Southern"/>
               </TextLine>
               <TextLine ID="TextRegion_1675698174892_80656_tl_2"
                         BASELINE="244,558 274,558 304,558 334,560 348,560"
                         HEIGHT="45"
                         WIDTH="110"
                         VPOS="531"
                         HPOS="234">
                  <String ID="string_TextRegion_1675698174892_80656_tl_2"
                          HEIGHT="45"
                          WIDTH="110"
                          VPOS="531"
                          HPOS="234"
                          CONTENT="India)."/>
               </TextLine>
            </TextBlock>
            <TextBlock ID="TextRegion_1675698174292_80652"
                       HEIGHT="71"
                       WIDTH="1416"
                       VPOS="571"
                       HPOS="140"
                       LANG="">
               <Shape>
                  <Polygon POINTS="140,571 1556,571 1556,642 140,642"/>
               </Shape>
               <TextLine ID="TextRegion_1675698174292_80652_tl_1"
                         BASELINE="250,596 280,598 310,598 340,598 370,598 400,598 430,598 460,598 490,600 520,600 550,600 580,600 610,600 640,600 670,602 700,602 730,602 760,600 790,602 820,600 850,602 880,602 910,602 940,602 970,602 1000,602 1030,602 1060,602 1090,602 1120,600 1150,600 1180,602 1210,602 1240,602 1270,604 1300,604 1330,604 1360,602 1390,602 1420,602 1450,604 1476,602"
                         HEIGHT="69"
                         WIDTH="1232"
                         VPOS="548"
                         HPOS="242">
                  <String ID="string_TextRegion_1675698174292_80652_tl_1"
                          HEIGHT="69"
                          WIDTH="1232"
                          VPOS="548"
                          HPOS="242"
                          CONTENT="Automobilwerke Holka A.G. (motor cars and motor accessories), 3/5, Jenatsch¬"/>
               </TextLine>
               <TextLine ID="TextRegion_1675698174292_80652_tl_2"
                         BASELINE="246,628 276,630 306,630 336,630 366,630 396,632 426,630 456,630 486,630 514,630"
                         HEIGHT="46"
                         WIDTH="273"
                         VPOS="602"
                         HPOS="237">
                  <String ID="string_TextRegion_1675698174292_80652_tl_2"
                          HEIGHT="46"
                          WIDTH="273"
                          VPOS="602"
                          HPOS="237"
                          CONTENT="strasse, Zurich 2."/>
               </TextLine>
            </TextBlock>
            <TextBlock ID="TextRegion_1675698173568_80648"
                       HEIGHT="44"
                       WIDTH="1416"
                       VPOS="642"
                       HPOS="140"
                       LANG="">
               <Shape>
                  <Polygon POINTS="140,642 1556,642 1556,686 140,686"/>
               </Shape>
               <TextLine ID="TextRegion_1675698173568_80648_tl_1"
                         BASELINE="252,668 282,670 312,670 342,668 372,670 402,670 432,670 462,670 492,668 522,670 552,670 582,672 612,672 642,672 672,672 702,672 732,672 762,672 792,672 822,672 852,670 882,670 912,672 942,672 972,674 1002,674 1032,674 1062,674 1092,672 1122,674 1152,672 1182,672 1212,674 1242,674 1272,674 1302,674 1332,672 1362,674 1392,674 1402,672"
                         HEIGHT="73"
                         WIDTH="1154"
                         VPOS="617"
                         HPOS="244">
                  <String ID="string_TextRegion_1675698173568_80648_tl_1"
                          HEIGHT="73"
                          WIDTH="1154"
                          VPOS="617"
                          HPOS="244"
                          CONTENT="Carrosserie de Sécheron S.A. (motor accessories), 53, avenue Blanc, Geneva."/>
               </TextLine>
            </TextBlock>
            <TextBlock ID="TextRegion_1675698172705_80644"
                       HEIGHT="73"
                       WIDTH="1416"
                       VPOS="686"
                       HPOS="140"
                       LANG="">
               <Shape>
                  <Polygon POINTS="140,686 1556,686 1556,759 140,759"/>
               </Shape>
               <TextLine ID="TextRegion_1675698172705_80644_tl_1"
                         BASELINE="250,708 280,710 310,710 340,710 370,710 400,710 430,710 460,712 490,712 520,712 550,710 580,712 610,710 640,712 670,710 700,712 730,712 760,712 790,710 820,712 850,714 880,712 910,712 940,712 970,714 1000,714 1030,714 1060,712 1090,714 1120,714 1150,714 1180,714 1210,714 1240,714 1270,714 1300,712 1330,714 1360,716 1390,716 1420,716 1450,716 1478,714"
                         HEIGHT="68"
                         WIDTH="1232"
                         VPOS="673"
                         HPOS="242">
                  <String ID="string_TextRegion_1675698172705_80644_tl_1"
                          HEIGHT="68"
                          WIDTH="1232"
                          VPOS="673"
                          HPOS="242"
                          CONTENT="Emil Frey (Austin, Jaguar motor cars, motor accessories, repair works and"/>
               </TextLine>
               <TextLine ID="TextRegion_1675698172705_80644_tl_2"
                         BASELINE="248,740 278,742 308,742 338,742 368,742 398,742 428,742 458,742 488,744 518,744 548,744 578,742 608,742 638,742 668,744 698,744 728,742 758,744 788,742 818,744 848,744 878,744 908,744 938,744 968,744 998,746"
                         HEIGHT="43"
                         WIDTH="755"
                         VPOS="714"
                         HPOS="239">
                  <String ID="string_TextRegion_1675698172705_80644_tl_2"
                          HEIGHT="43"
                          WIDTH="755"
                          VPOS="714"
                          HPOS="239"
                          CONTENT="service stations), 11, Werdmühlestrasse, Zürich 1"/>
               </TextLine>
            </TextBlock>
            <TextBlock ID="TextRegion_1675698171126_80640"
                       HEIGHT="66"
                       WIDTH="1416"
                       VPOS="759"
                       HPOS="140"
                       LANG="">
               <Shape>
                  <Polygon POINTS="140,759 1556,759 1556,825 140,825"/>
               </Shape>
               <TextLine ID="TextRegion_1675698171126_80640_tl_1"
                         BASELINE="248,778 278,782 308,782 338,780 368,780 398,782 428,782 458,782 488,782 518,782 548,782 578,782 608,780 638,782 668,784 698,784 728,784 758,784 788,784 818,784 848,784 878,784 908,782 938,784 968,784 998,784 1028,786 1058,786 1088,784 1118,784 1148,786 1178,784 1208,784 1238,786 1268,786 1298,786 1328,786 1358,786 1388,786 1418,786 1448,788 1478,788"
                         HEIGHT="79"
                         WIDTH="1237"
                         VPOS="728"
                         HPOS="237">
                  <String ID="string_TextRegion_1675698171126_80640_tl_1"
                          HEIGHT="79"
                          WIDTH="1237"
                          VPOS="728"
                          HPOS="237"
                          CONTENT="Garage Place Claparède Ltd. (Morris, Jaguar-importers for French-speaking"/>
               </TextLine>
               <TextLine ID="TextRegion_1675698171126_80640_tl_2"
                         BASELINE="244,812 274,812 304,814 334,814 364,814 394,814 424,814 454,814 484,814 514,814 544,814 574,812 604,810 634,814 664,816 694,816 724,814 754,816 784,814 814,816 844,816 874,814 904,814 934,816 964,814 994,816 1024,818 1054,816 1084,816 1114,818 1128,816"
                         HEIGHT="39"
                         WIDTH="890"
                         VPOS="788"
                         HPOS="236">
                  <String ID="string_TextRegion_1675698171126_80640_tl_2"
                          HEIGHT="39"
                          WIDTH="890"
                          VPOS="788"
                          HPOS="236"
                          CONTENT="Switzerland and the Tessin), 5, rue Emile-Yung, Geneva."/>
               </TextLine>
            </TextBlock>
            <TextBlock ID="TextRegion_1675698167257_80636"
                       HEIGHT="41"
                       WIDTH="1416"
                       VPOS="825"
                       HPOS="140"
                       LANG="">
               <Shape>
                  <Polygon POINTS="140,825 1556,825 1556,866 140,866"/>
               </Shape>
               <TextLine ID="TextRegion_1675698167257_80636_tl_1"
                         BASELINE="252,850 282,850 312,852 342,852 372,850 402,852 432,850 462,850 492,854 522,854 552,852 582,852 612,854 642,854 672,854 702,854 732,856 762,854 792,854 822,854 852,852 882,852 912,854 942,854 972,856 1002,856 1032,858 1062,856 1092,856 1122,856 1152,858 1182,856 1212,858 1242,858 1272,858 1302,858 1332,858 1362,858 1392,858 1422,856 1428,856"
                         HEIGHT="65"
                         WIDTH="1180"
                         VPOS="805"
                         HPOS="244">
                  <String ID="string_TextRegion_1675698167257_80636_tl_1"
                          HEIGHT="65"
                          WIDTH="1180"
                          VPOS="805"
                          HPOS="244"
                          CONTENT="Iffland Frères (brake linings, motor accessories), 8, rue J.-J.-Cart, Lausanne."/>
               </TextLine>
            </TextBlock>
            <TextBlock ID="TextRegion_1675698166431_80632"
                       HEIGHT="171"
                       WIDTH="1416"
                       VPOS="866"
                       HPOS="140"
                       LANG="">
               <Shape>
                  <Polygon POINTS="140,866 1556,866 1556,1037 140,1037"/>
               </Shape>
               <TextLine ID="TextRegion_1675698166431_80632_tl_1"
                         BASELINE="246,890 276,892 306,892 336,892 366,892 396,892 426,892 456,894 486,894 516,892 546,894 576,892 606,892 636,892 666,892 696,892 726,894 756,894 786,894 816,894 846,894 876,894 906,894 936,896 966,896 996,896 1026,894 1056,894 1086,896 1116,896 1146,896 1176,896 1206,896 1236,896 1266,896 1296,896 1326,894 1356,894 1386,896 1416,898 1446,896 1466,892"
                         HEIGHT="44"
                         WIDTH="1226"
                         VPOS="867"
                         HPOS="237">
                  <String ID="string_TextRegion_1675698166431_80632_tl_1"
                          HEIGHT="44"
                          WIDTH="1226"
                          VPOS="867"
                          HPOS="237"
                          CONTENT="J. H. Keller Ltd., formerly Sportcar Ltd. (motor cars and motor accessories"/>
               </TextLine>
               <TextLine ID="TextRegion_1675698166431_80632_tl_2"
                         BASELINE="246,922 276,922 306,924 336,924 366,924 396,924 426,924 456,924 486,924 516,924 546,924 576,922 606,924 636,924 666,924 696,922 726,924 756,926 786,926 816,926 846,926 876,926 906,926 936,926 966,926 996,926 1026,928 1056,928 1086,928 1116,928 1146,928 1176,928 1206,928 1236,928 1266,928 1296,928 1326,928 1356,928 1386,928 1416,928 1446,928 1472,928"
                         HEIGHT="42"
                         WIDTH="1232"
                         VPOS="898"
                         HPOS="237">
                  <String ID="string_TextRegion_1675698166431_80632_tl_2"
                          HEIGHT="42"
                          WIDTH="1232"
                          VPOS="898"
                          HPOS="237"
                          CONTENT="agents for M. G. and Wolseley cars, Auster alreraft and Cirrus aircraft engines"/>
               </TextLine>
               <TextLine ID="TextRegion_1675698166431_80632_tl_3"
                         BASELINE="252,956 282,954 312,954 342,954 372,954 402,956 432,954 462,954 492,954 522,954 552,954 582,954 612,956 642,954 672,954 702,956 732,956 762,956 792,958 822,958 852,956 882,956 912,956 942,956 972,958 1002,958 1032,958 1062,958 1092,958 1122,958 1152,958 1182,958 1212,958 1242,958 1272,958 1302,960 1332,960 1362,960 1392,960 1422,960 1452,960 1468,958"
                         HEIGHT="36"
                         WIDTH="1220"
                         VPOS="934"
                         HPOS="244">
                  <String ID="string_TextRegion_1675698166431_80632_tl_3"
                          HEIGHT="36"
                          WIDTH="1220"
                          VPOS="934"
                          HPOS="244"
                          CONTENT="(Blackburn &amp; General Arcraft Ltd.), for the whole of Switzerland; Morris car¬"/>
               </TextLine>
               <TextLine ID="TextRegion_1675698166431_80632_tl_4"
                         BASELINE="248,986 278,986 308,986 338,986 368,986 398,986 428,986 458,986 488,986 518,986 548,986 578,988 608,986 638,984 668,986 698,986 728,988 758,988 788,988 818,988 848,986 878,988 908,990 938,990 968,990 998,988 1028,990 1058,990 1088,990 1118,990 1148,990 1178,990 1208,990 1238,990 1268,990 1298,990 1328,990 1358,990 1388,990 1418,990 1448,990 1474,992"
                         HEIGHT="45"
                         WIDTH="1232"
                         VPOS="966"
                         HPOS="239">
                  <String ID="string_TextRegion_1675698166431_80632_tl_4"
                          HEIGHT="45"
                          WIDTH="1232"
                          VPOS="966"
                          HPOS="239"
                          CONTENT="for German-speaking Switzerland, Riley cars for German-speaking Switzerland"/>
               </TextLine>
               <TextLine ID="TextRegion_1675698166431_80632_tl_5"
                         BASELINE="248,1016 278,1018 308,1018 338,1018 368,1018 398,1018 428,1016 458,1020 488,1018 518,1018 548,1018 578,1018 608,1018 638,1018 668,1018 698,1020 728,1020 758,1020 788,1020 818,1020 848,1020 878,1020 908,1022 938,1020 968,1022 998,1022 1028,1022 1058,1022 1088,1022 1118,1022 1148,1022 1178,1022 1208,1022 1238,1022 1268,1024 1298,1022 1328,1022 1358,1022 1388,1022 1418,1022 1424,1022"
                         HEIGHT="46"
                         WIDTH="1182"
                         VPOS="996"
                         HPOS="239">
                  <String ID="string_TextRegion_1675698166431_80632_tl_5"
                          HEIGHT="46"
                          WIDTH="1182"
                          VPOS="996"
                          HPOS="239"
                          CONTENT="and the Tessin, except the Canton of Berne), 30/32, Neumühlequai, Zurich 6."/>
               </TextLine>
            </TextBlock>
            <TextBlock ID="TextRegion_1675698164030_80628"
                       HEIGHT="40"
                       WIDTH="1416"
                       VPOS="1037"
                       HPOS="140"
                       LANG="">
               <Shape>
                  <Polygon POINTS="140,1037 1556,1037 1556,1077 140,1077"/>
               </Shape>
               <TextLine ID="TextRegion_1675698164030_80628_tl_1"
                         BASELINE="250,1056 280,1056 310,1058 340,1058 370,1056 400,1056 430,1058 460,1058 490,1058 520,1058 550,1058 580,1058 610,1056 640,1058 670,1058 700,1058 730,1060 760,1060 790,1060 820,1058 850,1060 880,1060 910,1062 940,1060 970,1060 1000,1060 1030,1058 1060,1060 1090,1060 1120,1060 1150,1062 1180,1062 1210,1062 1240,1062 1270,1062 1298,1060"
                         HEIGHT="49"
                         WIDTH="1050"
                         VPOS="1032"
                         HPOS="242">
                  <String ID="string_TextRegion_1675698164030_80628_tl_1"
                          HEIGHT="49"
                          WIDTH="1050"
                          VPOS="1032"
                          HPOS="242"
                          CONTENT="H. Kracht's Erben, Hotel Baur au Lac (motor accessories), Zurich 1."/>
               </TextLine>
            </TextBlock>
            <TextBlock ID="TextRegion_1675698162866_80624"
                       HEIGHT="37"
                       WIDTH="1416"
                       VPOS="1077"
                       HPOS="140"
                       LANG="">
               <Shape>
                  <Polygon POINTS="140,1077 1556,1077 1556,1114 140,1114"/>
               </Shape>
               <TextLine ID="TextRegion_1675698162866_80624_tl_1"
                         BASELINE="244,1096 274,1098 304,1098 334,1098 364,1098 394,1098 424,1098 454,1100 484,1098 514,1100 544,1098 574,1100 604,1098 634,1100 664,1098 694,1098 724,1100 754,1098 784,1098 814,1098 844,1100 874,1100 904,1102 934,1102 964,1102 994,1102 1024,1102 1054,1102 1084,1102 1114,1102 1144,1102 1174,1102 1204,1100 1234,1102 1264,1102 1294,1102 1322,1102"
                         HEIGHT="48"
                         WIDTH="1086"
                         VPOS="1070"
                         HPOS="234">
                  <String ID="string_TextRegion_1675698162866_80624_tl_1"
                          HEIGHT="48"
                          WIDTH="1086"
                          VPOS="1070"
                          HPOS="234"
                          CONTENT="Matera Ltd. (agents for motor accessories), 37, Leonhardstrasse, Basle."/>
               </TextLine>
            </TextBlock>
            <TextBlock ID="TextRegion_1675698161255_80620"
                       HEIGHT="68"
                       WIDTH="1416"
                       VPOS="1114"
                       HPOS="140"
                       LANG="">
               <Shape>
                  <Polygon POINTS="140,1114 1556,1114 1556,1182 140,1182"/>
               </Shape>
               <TextLine ID="TextRegion_1675698161255_80620_tl_1"
                         BASELINE="248,1136 278,1136 308,1136 338,1136 368,1136 398,1138 428,1136 458,1136 488,1138 518,1138 548,1136 578,1138 608,1138 638,1138 668,1136 698,1138 728,1138 758,1138 788,1138 818,1140 848,1140 878,1142 908,1142 938,1142 968,1142 998,1142 1028,1142 1058,1142 1088,1142 1118,1142 1148,1142 1178,1142 1208,1142 1238,1142 1268,1144 1298,1142 1328,1142 1358,1144 1388,1144 1418,1144 1448,1144 1476,1144"
                         HEIGHT="94"
                         WIDTH="1235"
                         VPOS="1077"
                         HPOS="237">
                  <String ID="string_TextRegion_1675698161255_80620_tl_1"
                          HEIGHT="94"
                          WIDTH="1235"
                          VPOS="1077"
                          HPOS="237"
                          CONTENT="Max C. Meister (agent for Vokes Filters for air, fuel and lubricating of), 25."/>
               </TextLine>
               <TextLine ID="TextRegion_1675698161255_80620_tl_2"
                         BASELINE="248,1168 278,1170 308,1168 338,1168 368,1170 398,1166 428,1168 458,1170 488,1170 518,1170 548,1168 578,1172 608,1172 612,1172"
                         HEIGHT="41"
                         WIDTH="371"
                         VPOS="1143"
                         HPOS="239">
                  <String ID="string_TextRegion_1675698161255_80620_tl_2"
                          HEIGHT="41"
                          WIDTH="371"
                          VPOS="1143"
                          HPOS="239"
                          CONTENT="Löwenstrasse, Zürich 1."/>
               </TextLine>
            </TextBlock>
            <TextBlock ID="TextRegion_1675698157356_80614"
                       HEIGHT="71"
                       WIDTH="1416"
                       VPOS="1182"
                       HPOS="140"
                       LANG="">
               <Shape>
                  <Polygon POINTS="140,1182 1556,1182 1556,1253 140,1253"/>
               </Shape>
               <TextLine ID="TextRegion_1675698157356_80614_tl_1"
                         BASELINE="248,1208 278,1208 308,1208 338,1208 368,1210 398,1210 428,1210 458,1210 488,1210 518,1210 548,1210 578,1210 608,1208 638,1210 668,1208 698,1210 728,1210 758,1210 788,1210 818,1212 848,1212 878,1212 908,1210 938,1212 968,1212 998,1212 1028,1214 1058,1214 1088,1214 1118,1214 1148,1214 1178,1214 1208,1212 1238,1212 1268,1214 1298,1214 1328,1214 1358,1214 1388,1212 1418,1214 1448,1214 1478,1212"
                         HEIGHT="70"
                         WIDTH="1235"
                         VPOS="1160"
                         HPOS="239">
                  <String ID="string_TextRegion_1675698157356_80614_tl_1"
                          HEIGHT="70"
                          WIDTH="1235"
                          VPOS="1160"
                          HPOS="239"
                          CONTENT="Neue Amag Automobil- und Motoren A.G. (assembly plant for Standard Van-"/>
               </TextLine>
               <TextLine ID="TextRegion_1675698157356_80614_tl_2"
                         BASELINE="246,1242 276,1242 306,1242 336,1240 366,1242 396,1242 426,1242 456,1242 486,1242 516,1242 546,1242 576,1242 606,1242 636,1240 666,1242 696,1242 726,1242 756,1242 786,1242 816,1242 846,1242 876,1242 882,1244"
                         HEIGHT="40"
                         WIDTH="643"
                         VPOS="1213"
                         HPOS="237">
                  <String ID="string_TextRegion_1675698157356_80614_tl_2"
                          HEIGHT="40"
                          WIDTH="643"
                          VPOS="1213"
                          HPOS="237"
                          CONTENT="guard motor cars), 47, Utoqual, Zurich 8."/>
               </TextLine>
            </TextBlock>
            <TextBlock ID="TextRegion_1675698156201_80610"
                       HEIGHT="46"
                       WIDTH="1416"
                       VPOS="1253"
                       HPOS="140"
                       LANG="">
               <Shape>
                  <Polygon POINTS="140,1253 1556,1253 1556,1299 140,1299"/>
               </Shape>
               <TextLine ID="TextRegion_1675698156201_80610_tl_1"
                         BASELINE="244,1280 274,1280 304,1280 334,1280 364,1282 394,1282 424,1282 454,1282 484,1282 514,1282 544,1282 574,1282 604,1282 634,1282 664,1282 694,1280 724,1282 754,1280 784,1280 814,1282 844,1282 874,1282 904,1284 934,1284 964,1284 994,1282 1024,1284 1054,1284 1084,1284 1114,1284 1144,1284 1174,1284 1204,1284 1234,1284 1264,1284 1294,1284 1324,1286 1354,1284 1384,1286 1414,1286 1444,1286 1446,1286"
                         HEIGHT="79"
                         WIDTH="1208"
                         VPOS="1235"
                         HPOS="236">
                  <String ID="string_TextRegion_1675698156201_80610_tl_1"
                          HEIGHT="79"
                          WIDTH="1208"
                          VPOS="1235"
                          HPOS="236"
                          CONTENT="Pondil S.A. (motor and garage accessories), 1, rue de la Tour-de-l'Ile, Geneva."/>
               </TextLine>
            </TextBlock>
            <TextBlock ID="TextRegion_1675698155530_80606"
                       HEIGHT="37"
                       WIDTH="1416"
                       VPOS="1299"
                       HPOS="140"
                       LANG="">
               <Shape>
                  <Polygon POINTS="140,1299 1556,1299 1556,1336 140,1336"/>
               </Shape>
               <TextLine ID="TextRegion_1675698155530_80606_tl_1"
                         BASELINE="244,1320 274,1322 304,1322 334,1322 364,1322 394,1322 424,1322 454,1322 484,1322 514,1322 544,1322 574,1322 604,1322 634,1322 664,1320 694,1322 724,1322 754,1324 784,1322 814,1322 844,1322 874,1324 904,1324 934,1324 964,1324 994,1326 1024,1326 1054,1324 1084,1324 1114,1326 1140,1326"
                         HEIGHT="45"
                         WIDTH="900"
                         VPOS="1292"
                         HPOS="236">
                  <String ID="string_TextRegion_1675698155530_80606_tl_1"
                          HEIGHT="45"
                          WIDTH="900"
                          VPOS="1292"
                          HPOS="236"
                          CONTENT="Royal Co. Ltd. (motor accessories), Kreuzplatz, Zürich 32."/>
               </TextLine>
            </TextBlock>
            <TextBlock ID="TextRegion_1675698153926_80602"
                       HEIGHT="67"
                       WIDTH="1416"
                       VPOS="1336"
                       HPOS="140"
                       LANG="">
               <Shape>
                  <Polygon POINTS="140,1336 1556,1336 1556,1403 140,1403"/>
               </Shape>
               <TextLine ID="TextRegion_1675698153926_80602_tl_1"
                         BASELINE="244,1360 274,1360 304,1360 334,1362 364,1362 394,1360 424,1362 454,1362 484,1362 514,1362 544,1360 574,1360 604,1362 634,1362 664,1362 694,1362 724,1362 754,1362 784,1362 814,1360 844,1362 874,1362 904,1362 934,1364 964,1366 994,1366 1024,1366 1054,1366 1084,1366 1114,1366 1144,1366 1174,1366 1204,1366 1234,1366 1264,1366 1294,1368 1324,1368 1354,1368 1384,1366 1414,1366 1444,1366 1474,1366"
                         HEIGHT="60"
                         WIDTH="1235"
                         VPOS="1319"
                         HPOS="236">
                  <String ID="string_TextRegion_1675698153926_80602_tl_1"
                          HEIGHT="60"
                          WIDTH="1235"
                          VPOS="1319"
                          HPOS="236"
                          CONTENT="Safla Ltd. (importers of motor accessories and garage equipment), 8, avenue"/>
               </TextLine>
               <TextLine ID="TextRegion_1675698153926_80602_tl_2"
                         BASELINE="246,1392 276,1392 306,1392 336,1394 366,1392 396,1392 426,1392 456,1394 486,1394 516,1394 546,1394 576,1392 606,1394 636,1394 666,1394 696,1396 708,1394"
                         HEIGHT="46"
                         WIDTH="467"
                         VPOS="1367"
                         HPOS="237">
                  <String ID="string_TextRegion_1675698153926_80602_tl_2"
                          HEIGHT="46"
                          WIDTH="467"
                          VPOS="1367"
                          HPOS="237"
                          CONTENT="Pictet-de-Rochemont, Geneva."/>
               </TextLine>
            </TextBlock>
            <TextBlock ID="TextRegion_1675698152031_80598"
                       HEIGHT="48"
                       WIDTH="1416"
                       VPOS="1403"
                       HPOS="140"
                       LANG="">
               <Shape>
                  <Polygon POINTS="140,1403 1556,1403 1556,1451 140,1451"/>
               </Shape>
               <TextLine ID="TextRegion_1675698152031_80598_tl_1"
                         BASELINE="244,1432 274,1432 304,1434 334,1434 364,1434 394,1434 424,1434 454,1434 484,1434 514,1434 544,1434 574,1434 604,1434 634,1434 664,1434 694,1434 724,1436 754,1436 784,1436 814,1434 844,1434 874,1434 904,1436 934,1438 964,1438 994,1438 1024,1436 1054,1436 1084,1436 1114,1436 1144,1436 1174,1436 1204,1438 1234,1436 1264,1436 1294,1438 1324,1438 1354,1436 1370,1436"
                         HEIGHT="68"
                         WIDTH="1131"
                         VPOS="1382"
                         HPOS="236">
                  <String ID="string_TextRegion_1675698152031_80598_tl_1"
                          HEIGHT="68"
                          WIDTH="1131"
                          VPOS="1382"
                          HPOS="236"
                          CONTENT="C. Schlotterbeck Automobile Ltd. (motor cars), 40, Viaduktstrasse, Basle."/>
               </TextLine>
            </TextBlock>
            <TextBlock ID="TextRegion_1675698151236_80594"
                       HEIGHT="42"
                       WIDTH="1416"
                       VPOS="1451"
                       HPOS="140"
                       LANG="">
               <Shape>
                  <Polygon POINTS="140,1451 1556,1451 1556,1493 140,1493"/>
               </Shape>
               <TextLine ID="TextRegion_1675698151236_80594_tl_1"
                         BASELINE="248,1470 278,1472 308,1472 338,1470 368,1474 398,1474 428,1474 458,1472 488,1472 518,1474 548,1474 578,1474 608,1474 638,1474 668,1474 698,1474 728,1474 758,1474 788,1474 818,1474 848,1474 878,1474 908,1474 938,1476 968,1476 998,1476 1028,1476 1058,1476 1088,1476 1118,1476 1148,1474 1178,1478 1208,1476 1238,1476 1268,1478 1298,1478 1328,1478 1358,1476 1388,1478 1418,1478 1426,1478"
                         HEIGHT="64"
                         WIDTH="1185"
                         VPOS="1427"
                         HPOS="239">
                  <String ID="string_TextRegion_1675698151236_80594_tl_1"
                          HEIGHT="64"
                          WIDTH="1185"
                          VPOS="1427"
                          HPOS="239"
                          CONTENT="H. C. Summerer (agent for motor accessories), 211, Bellerivestrasse, Zurich 8."/>
               </TextLine>
            </TextBlock>
            <TextBlock ID="TextRegion_1675698150113_80590"
                       HEIGHT="35"
                       WIDTH="1416"
                       VPOS="1493"
                       HPOS="140"
                       LANG="">
               <Shape>
                  <Polygon POINTS="140,1493 1556,1493 1556,1528 140,1528"/>
               </Shape>
               <TextLine ID="TextRegion_1675698150113_80590_tl_1"
                         BASELINE="244,1512 274,1514 304,1514 334,1514 364,1514 394,1514 424,1514 454,1514 484,1514 514,1514 544,1514 574,1514 604,1514 634,1514 664,1516 694,1516 724,1514 754,1514 784,1516 814,1516 844,1516 874,1516 904,1516 934,1516 964,1518 994,1518 1024,1518 1054,1518 1084,1516 1114,1518 1144,1516 1174,1518 1204,1518 1234,1518 1264,1518 1294,1520 1324,1518 1354,1518 1384,1520 1414,1518 1444,1520 1472,1520"
                         HEIGHT="43"
                         WIDTH="1231"
                         VPOS="1488"
                         HPOS="236">
                  <String ID="string_TextRegion_1675698150113_80590_tl_1"
                          HEIGHT="43"
                          WIDTH="1231"
                          VPOS="1488"
                          HPOS="236"
                          CONTENT="C. W. L. Tatham (agent for Allard cars), Le Villeret, 41, avenue Vuillemiin, Lausanne."/>
               </TextLine>
            </TextBlock>
            <TextBlock ID="TextRegion_1675698149392_80586"
                       HEIGHT="64"
                       WIDTH="1416"
                       VPOS="1528"
                       HPOS="140"
                       LANG="">
               <Shape>
                  <Polygon POINTS="140,1528 1556,1528 1556,1592 140,1592"/>
               </Shape>
               <TextLine ID="TextRegion_1675698149392_80586_tl_1"
                         BASELINE="250,1546 280,1550 310,1552 340,1552 370,1552 400,1552 430,1554 460,1552 490,1554 520,1554 550,1554 580,1554 610,1554 640,1554 670,1554 700,1556 730,1556 760,1556 790,1556 820,1556 850,1556 880,1556 910,1558 940,1556 970,1558 1000,1558 1030,1558 1060,1558 1090,1558 1120,1558 1150,1558 1180,1558 1210,1560 1240,1558 1270,1560 1300,1560 1330,1560 1360,1558 1390,1558 1420,1558 1450,1558 1472,1560"
                         HEIGHT="52"
                         WIDTH="1225"
                         VPOS="1523"
                         HPOS="242">
                  <String ID="string_TextRegion_1675698149392_80586_tl_1"
                          HEIGHT="52"
                          WIDTH="1225"
                          VPOS="1523"
                          HPOS="242"
                          CONTENT="Titan A.G. (agents for Rover cars for the whole of Switzerland), 45, Stauffacher¬"/>
               </TextLine>
               <TextLine ID="TextRegion_1675698149392_80586_tl_2"
                         BASELINE="244,1584 274,1584 304,1586 334,1586 364,1586 394,1586 424,1584 454,1586 484,1586 510,1586"
                         HEIGHT="48"
                         WIDTH="272"
                         VPOS="1559"
                         HPOS="234">
                  <String ID="string_TextRegion_1675698149392_80586_tl_2"
                          HEIGHT="48"
                          WIDTH="272"
                          VPOS="1559"
                          HPOS="234"
                          CONTENT="strasse, Zurich 4."/>
               </TextLine>
            </TextBlock>
            <TextBlock ID="TextRegion_1675698148746_80582"
                       HEIGHT="110"
                       WIDTH="1416"
                       VPOS="1592"
                       HPOS="140"
                       LANG="">
               <Shape>
                  <Polygon POINTS="140,1592 1556,1592 1556,1702 140,1702"/>
               </Shape>
               <TextLine ID="TextRegion_1675698148746_80582_tl_1"
                         BASELINE="248,1618 278,1624 308,1624 338,1624 368,1624 398,1624 428,1624 458,1624 488,1626 518,1626 548,1626 578,1626 608,1626 638,1626 668,1626 698,1628 728,1626 758,1628 788,1626 818,1628 848,1628 878,1628 908,1628 938,1628 968,1628 998,1626 1028,1628 1058,1630 1088,1628 1118,1628 1148,1628 1178,1630 1208,1630 1238,1630 1268,1630 1298,1630 1328,1630 1358,1632 1388,1630 1418,1632 1448,1630 1470,1630"
                         HEIGHT="56"
                         WIDTH="1227"
                         VPOS="1585"
                         HPOS="239">
                  <String ID="string_TextRegion_1675698148746_80582_tl_1"
                          HEIGHT="56"
                          WIDTH="1227"
                          VPOS="1585"
                          HPOS="239"
                          CONTENT="Trico-Folbert Ltd. (manufacturers of motor accessories, especially vacuum and"/>
               </TextLine>
               <TextLine ID="TextRegion_1675698148746_80582_tl_2"
                         BASELINE="250,1656 280,1656 310,1654 340,1656 370,1656 400,1658 430,1658 460,1656 490,1654 520,1656 550,1656 580,1656 610,1654 640,1654 670,1656 700,1658 730,1658 760,1658 790,1658 820,1660 850,1660 880,1658 910,1660 940,1660 970,1660 1000,1660 1030,1660 1060,1660 1090,1660 1120,1662 1150,1662 1180,1662 1210,1664 1240,1662 1270,1662 1300,1662 1330,1662 1360,1662 1390,1662 1420,1664 1450,1662 1472,1662"
                         HEIGHT="49"
                         WIDTH="1225"
                         VPOS="1633"
                         HPOS="242">
                  <String ID="string_TextRegion_1675698148746_80582_tl_2"
                          HEIGHT="49"
                          WIDTH="1225"
                          VPOS="1633"
                          HPOS="242"
                          CONTENT="pressure operated Windscreen Wippers and their accessories), Trico House, Great"/>
               </TextLine>
               <TextLine ID="TextRegion_1675698148746_80582_tl_3"
                         BASELINE="250,1684 280,1686 310,1686 340,1688 370,1690 400,1688 430,1688 460,1688 490,1690 520,1690 550,1690 580,1690 610,1690 640,1690 670,1690 700,1688 730,1688 760,1690 768,1690"
                         HEIGHT="33"
                         WIDTH="523"
                         VPOS="1666"
                         HPOS="242">
                  <String ID="string_TextRegion_1675698148746_80582_tl_3"
                          HEIGHT="33"
                          WIDTH="523"
                          VPOS="1666"
                          HPOS="242"
                          CONTENT="West Road, Brentford, Middlesex."/>
               </TextLine>
            </TextBlock>
            <TextBlock ID="TextRegion_1675698147531_80578"
                       HEIGHT="72"
                       WIDTH="1416"
                       VPOS="1702"
                       HPOS="140"
                       LANG="">
               <Shape>
                  <Polygon POINTS="140,1702 1556,1702 1556,1774 140,1774"/>
               </Shape>
               <TextLine ID="TextRegion_1675698147531_80578_tl_1"
                         BASELINE="250,1728 280,1728 310,1724 340,1726 370,1728 400,1728 430,1728 460,1728 490,1728 520,1728 550,1728 580,1730 610,1730 640,1730 670,1730 700,1730 730,1730 760,1728 790,1730 820,1730 850,1732 880,1732 910,1732 940,1732 970,1732 1000,1734 1030,1734 1060,1732 1090,1734 1120,1732 1150,1734 1180,1734 1210,1734 1240,1734 1270,1734 1300,1734 1330,1734 1360,1734 1390,1734 1420,1734 1450,1736 1476,1736"
                         HEIGHT="68"
                         WIDTH="1233"
                         VPOS="1683"
                         HPOS="242">
                  <String ID="string_TextRegion_1675698147531_80578_tl_1"
                          HEIGHT="68"
                          WIDTH="1233"
                          VPOS="1683"
                          HPOS="242"
                          CONTENT="Usines Jean Gallay S.A. (manufacturers of head lamps), chemin Frank-Thomas,"/>
               </TextLine>
               <TextLine ID="TextRegion_1675698147531_80578_tl_2"
                         BASELINE="250,1756 280,1758 310,1758 340,1760 370,1760 374,1760"
                         HEIGHT="56"
                         WIDTH="132"
                         VPOS="1731"
                         HPOS="240">
                  <String ID="string_TextRegion_1675698147531_80578_tl_2"
                          HEIGHT="56"
                          WIDTH="132"
                          VPOS="1731"
                          HPOS="240"
                          CONTENT="Geneva."/>
               </TextLine>
            </TextBlock>
            <TextBlock ID="TextRegion_1675698145477_80574"
                       HEIGHT="70"
                       WIDTH="1416"
                       VPOS="1774"
                       HPOS="140"
                       LANG="">
               <Shape>
                  <Polygon POINTS="140,1774 1556,1774 1556,1844 140,1844"/>
               </Shape>
               <TextLine ID="TextRegion_1675698145477_80574_tl_1"
                         BASELINE="194,1822 224,1822 254,1822 284,1822 314,1822 344,1822 374,1822 404,1822 432,1822"
                         HEIGHT="68"
                         WIDTH="242"
                         VPOS="1778"
                         HPOS="186">
                  <String ID="string_TextRegion_1675698145477_80574_tl_1"
                          HEIGHT="68"
                          WIDTH="242"
                          VPOS="1778"
                          HPOS="186"
                          CONTENT="Motor Cycles"/>
               </TextLine>
            </TextBlock>
            <TextBlock ID="TextRegion_1675698144756_80570"
                       HEIGHT="38"
                       WIDTH="1416"
                       VPOS="1844"
                       HPOS="140"
                       LANG="">
               <Shape>
                  <Polygon POINTS="140,1844 1556,1844 1556,1882 140,1882"/>
               </Shape>
               <TextLine ID="TextRegion_1675698144756_80570_tl_1"
                         BASELINE="242,1866 272,1866 302,1866 332,1866 362,1866 392,1866 422,1866 452,1868 482,1868 512,1866 542,1868 572,1868 602,1868 632,1868 662,1868 692,1870 722,1868 752,1868 782,1868 812,1868 842,1868 872,1868 902,1868 932,1866 962,1868 992,1868 1022,1870 1052,1870 1082,1870 1112,1872 1142,1870 1172,1870 1202,1870 1232,1870 1262,1872 1292,1872 1322,1872 1352,1872 1382,1872 1412,1874 1442,1874 1472,1872 1482,1872"
                         HEIGHT="81"
                         WIDTH="1244"
                         VPOS="1812"
                         HPOS="234">
                  <String ID="string_TextRegion_1675698144756_80570_tl_1"
                          HEIGHT="81"
                          WIDTH="1244"
                          VPOS="1812"
                          HPOS="234"
                          CONTENT="André Dewald &amp; Son Ltd. (motor cycle accessories), 561, Seestrasse, Zürich 38."/>
               </TextLine>
            </TextBlock>
            <TextBlock ID="TextRegion_1675698143991_80566"
                       HEIGHT="39"
                       WIDTH="1416"
                       VPOS="1882"
                       HPOS="140"
                       LANG="">
               <Shape>
                  <Polygon POINTS="140,1882 1556,1882 1556,1921 140,1921"/>
               </Shape>
               <TextLine ID="TextRegion_1675698143991_80566_tl_1"
                         BASELINE="244,1904 274,1906 304,1906 334,1906 364,1906 394,1906 424,1906 454,1908 484,1906 514,1906 544,1906 574,1908 604,1908 634,1908 664,1908 694,1908 724,1908 754,1908 784,1908 814,1910 844,1910 874,1910 904,1908 934,1906 964,1906 994,1910 1024,1910 1026,1908"
                         HEIGHT="45"
                         WIDTH="785"
                         VPOS="1877"
                         HPOS="236">
                  <String ID="string_TextRegion_1675698143991_80566_tl_1"
                          HEIGHT="45"
                          WIDTH="785"
                          VPOS="1877"
                          HPOS="236"
                          CONTENT="Charles l'Eplattenier, 12, rue du Diorama, Geneva."/>
               </TextLine>
            </TextBlock>
            <TextBlock ID="TextRegion_1675698143378_80562"
                       HEIGHT="41"
                       WIDTH="1416"
                       VPOS="1921"
                       HPOS="140"
                       LANG="">
               <Shape>
                  <Polygon POINTS="140,1921 1556,1921 1556,1962 140,1962"/>
               </Shape>
               <TextLine ID="TextRegion_1675698143378_80562_tl_1"
                         BASELINE="246,1946 276,1948 306,1946 336,1948 366,1948 396,1946 426,1948 456,1948 486,1950 516,1950 546,1950 576,1950 606,1948 636,1948 666,1948 696,1948 726,1950 756,1950 786,1950 816,1950 846,1948 876,1948 906,1950 936,1950 966,1950 996,1950 1026,1952 1040,1952"
                         HEIGHT="42"
                         WIDTH="801"
                         VPOS="1919"
                         HPOS="237">
                  <String ID="string_TextRegion_1675698143378_80562_tl_1"
                          HEIGHT="42"
                          WIDTH="801"
                          VPOS="1919"
                          HPOS="237"
                          CONTENT="Emil Frey (B.S.A.), 11, Werdmühlestrasse, Zürich 1."/>
               </TextLine>
            </TextBlock>
            <TextBlock ID="TextRegion_1675698142279_80558"
                       HEIGHT="46"
                       WIDTH="1416"
                       VPOS="1962"
                       HPOS="140"
                       LANG="">
               <Shape>
                  <Polygon POINTS="140,1962 1556,1962 1556,2008 140,2008"/>
               </Shape>
               <TextLine ID="TextRegion_1675698142279_80558_tl_1"
                         BASELINE="240,1986 270,1988 300,1986 330,1988 360,1988 390,1986 420,1988 450,1988 480,1988 510,1988 540,1990 570,1988 600,1988 630,1988 660,1988 690,1990 720,1990 750,1990 780,1990 810,1990 840,1990 870,1990 900,1990 930,1990 960,1990 990,1992 1020,1992 1050,1992 1080,1992 1110,1992 1140,1992 1170,1994 1200,1992 1230,1992 1258,1992"
                         HEIGHT="56"
                         WIDTH="1022"
                         VPOS="1951"
                         HPOS="231">
                  <String ID="string_TextRegion_1675698142279_80558_tl_1"
                          HEIGHT="56"
                          WIDTH="1022"
                          VPOS="1951"
                          HPOS="231"
                          CONTENT="Motosacoche Ltd. (manufacturers), 56, route des Acacias, Geneva¬"/>
               </TextLine>
            </TextBlock>
            <TextBlock ID="TextRegion_1675698141249_80554"
                       HEIGHT="112"
                       WIDTH="1416"
                       VPOS="2008"
                       HPOS="140"
                       LANG="">
               <Shape>
                  <Polygon POINTS="140,2008 1556,2008 1556,2120 140,2120"/>
               </Shape>
               <TextLine ID="TextRegion_1675698141249_80554_tl_1"
                         BASELINE="246,2024 276,2028 306,2028 336,2028 366,2028 396,2028 426,2028 456,2028 486,2028 516,2028 546,2028 576,2028 606,2028 636,2030 666,2030 696,2030 726,2030 756,2030 786,2030 816,2030 846,2030 876,2030 906,2030 936,2030 966,2030 996,2032 1026,2030 1056,2032 1086,2032 1116,2030 1146,2032 1176,2032 1206,2030 1236,2032 1266,2032 1296,2032 1326,2032 1356,2032 1386,2034 1416,2034 1446,2034 1470,2034"
                         HEIGHT="49"
                         WIDTH="1229"
                         VPOS="1992"
                         HPOS="237">
                  <String ID="string_TextRegion_1675698141249_80554_tl_1"
                          HEIGHT="49"
                          WIDTH="1229"
                          VPOS="1992"
                          HPOS="237"
                          CONTENT="Titan A.G. (agents for Triumph motor cycles for the whole of Switzerland,"/>
               </TextLine>
               <TextLine ID="TextRegion_1675698141249_80554_tl_2"
                         BASELINE="246,2058 276,2058 306,2060 336,2060 366,2060 396,2060 426,2060 456,2060 486,2060 516,2060 546,2060 576,2060 606,2060 636,2060 666,2062 696,2062 726,2062 756,2062 786,2062 816,2062 846,2062 876,2062 906,2062 936,2062 966,2062 996,2064 1026,2064 1056,2064 1086,2062 1116,2062 1146,2062 1176,2060 1206,2064 1236,2064 1266,2064 1296,2064 1326,2064 1356,2064 1386,2066 1416,2064 1446,2066 1474,2066"
                         HEIGHT="53"
                         WIDTH="1234"
                         VPOS="2032"
                         HPOS="237">
                  <String ID="string_TextRegion_1675698141249_80554_tl_2"
                          HEIGHT="53"
                          WIDTH="1234"
                          VPOS="2032"
                          HPOS="237"
                          CONTENT="except the cantons of Vaud and Geneva; agents for Matchless and Ariel motor"/>
               </TextLine>
               <TextLine ID="TextRegion_1675698141249_80554_tl_3"
                         BASELINE="246,2090 276,2090 306,2090 336,2092 366,2092 396,2090 426,2092 456,2090 486,2092 516,2092 546,2092 576,2092 606,2092 636,2092 666,2092 696,2094 726,2094 756,2094 786,2094 816,2094 846,2096 876,2094 906,2096 936,2094 966,2094 996,2094 1026,2094 1056,2094 1086,2094 1116,2094 1146,2094 1176,2094 1206,2094 1236,2094 1266,2094 1296,2094 1318,2094"
                         HEIGHT="51"
                         WIDTH="1077"
                         VPOS="2065"
                         HPOS="237">
                  <String ID="string_TextRegion_1675698141249_80554_tl_3"
                          HEIGHT="51"
                          WIDTH="1077"
                          VPOS="2065"
                          HPOS="237"
                          CONTENT="cycles for the whole of Switzerland), 45, Stauffacherstrasse, Zurich 4."/>
               </TextLine>
            </TextBlock>
            <TextBlock ID="TextRegion_1675698140269_80550"
                       HEIGHT="53"
                       WIDTH="1416"
                       VPOS="2120"
                       HPOS="140"
                       LANG="">
               <Shape>
                  <Polygon POINTS="140,2120 1556,2120 1556,2173 140,2173"/>
               </Shape>
               <TextLine ID="TextRegion_1675698140269_80550_tl_1"
                         BASELINE="188,2156 218,2154 248,2154 278,2156 308,2156 338,2156 368,2156 398,2156 428,2158 458,2156"
                         HEIGHT="61"
                         WIDTH="275"
                         VPOS="2119"
                         HPOS="180">
                  <String ID="string_TextRegion_1675698140269_80550_tl_1"
                          HEIGHT="61"
                          WIDTH="275"
                          VPOS="2119"
                          HPOS="180"
                          CONTENT="Musical Boxes"/>
               </TextLine>
            </TextBlock>
            <TextBlock ID="TextRegion_1675698139585_80546"
                       HEIGHT="128"
                       WIDTH="1416"
                       VPOS="2173"
                       HPOS="140"
                       LANG="">
               <Shape>
                  <Polygon POINTS="140,2173 1556,2173 1556,2301 140,2301"/>
               </Shape>
               <TextLine ID="TextRegion_1675698139585_80546_tl_1"
                         BASELINE="240,2198 270,2200 300,2202 330,2200 360,2200 390,2198 420,2200 450,2202 480,2202 510,2202 540,2202 570,2202 600,2202 630,2202 660,2202 690,2202 720,2202 750,2202 780,2202 810,2202 840,2202 870,2204 900,2204 930,2204 960,2204 990,2204 1020,2204 1050,2206 1080,2204 1110,2206 1140,2204 1170,2204 1200,2204 1230,2204 1234,2206"
                         HEIGHT="78"
                         WIDTH="999"
                         VPOS="2136"
                         HPOS="231">
                  <String ID="string_TextRegion_1675698139585_80546_tl_1"
                          HEIGHT="78"
                          WIDTH="999"
                          VPOS="2136"
                          HPOS="231"
                          CONTENT="Agimpex Trading Co. Ltd. (exporters), 61, Sihlstrasse, Zürich 1."/>
               </TextLine>
               <TextLine ID="TextRegion_1675698139585_80546_tl_2"
                         BASELINE="240,2240 270,2240 300,2240 330,2240 360,2240 390,2240 420,2240 450,2240 480,2242 510,2242 540,2242 570,2240 600,2240 630,2242 660,2242 690,2242 720,2242 750,2244 780,2242 810,2244 840,2244 870,2242 900,2244 930,2244 960,2244 990,2244 1020,2244 1050,2246 1080,2246 1110,2246 1140,2246 1170,2246 1200,2246 1230,2244 1260,2246 1290,2246 1320,2246 1350,2246 1380,2246 1410,2246 1440,2246 1470,2246 1480,2244"
                         HEIGHT="56"
                         WIDTH="1247"
                         VPOS="2203"
                         HPOS="231">
                  <String ID="string_TextRegion_1675698139585_80546_tl_2"
                          HEIGHT="56"
                          WIDTH="1247"
                          VPOS="2203"
                          HPOS="231"
                          CONTENT="Muros Watch Factory (Erwin Triebold), (manufacturers and dealers in musical"/>
               </TextLine>
               <TextLine ID="TextRegion_1675698139585_80546_tl_3"
                         BASELINE="240,2272 270,2272 300,2272 330,2274 360,2272 390,2272 420,2272 450,2272 480,2274 510,2272 540,2274 570,2274 600,2274 630,2274 638,2272"
                         HEIGHT="51"
                         WIDTH="403"
                         VPOS="2245"
                         HPOS="231">
                  <String ID="string_TextRegion_1675698139585_80546_tl_3"
                          HEIGHT="51"
                          WIDTH="403"
                          VPOS="2245"
                          HPOS="231"
                          CONTENT="box movements), Mumpf."/>
               </TextLine>
            </TextBlock>
         </PrintSpace>
      </Page>
   </Layout>
</alto>
