1809 2586
190 182 203 86 Foodstuffs

249 237 895 60 Abt-Turler & Co. Ltd. (agents), 20, Aeschengraben, Basle.

249 277 1229 62 Anglo-Baltic Produce Co. Ltd. (importers), 5254, Tooley Street, London S.E. 1.

249 328 1237 45 Birds Eye Ltd. (manufacturers of frozen foods, vegetables, fruit, fruit quices).

249 368 366 37 58, Talstrasse, Zürich 1.

247 390 1154 60 Chocolat Stella S.A. (manufacturers of concentrated tonic foods). Lugano¬

247 441 1236 46 Chocolat Suchard Ltd. (manufacturers of concentrated tonic foods). Serrières¬

247 476 170 47 Neuchatel.

249 486 1081 66 Diener & Co. Ltd. (spice dealers), 139, Stampfenbachstrasse, Zurich 6.

249 537 1237 58 Fabrique de Chocolat et de Produits alimentaires de Villars S.A. (manufacturers

252 589 1050 42 of concentrated tonic foods, importers of coffee and tea), Fribourg.

252 600 1235 76 Federation of Migros Co-operatives (importers and distributors of foodstuffs).

254 657 454 37 152, Limmatstrasse, Zurich 5.

252 683 1240 58 Fehlmann & Co. (manufacturers of table mustard and mayonnaise), 33, rue de

254 728 264 53 la Gare, Morges.

252 738 942 66 M. Fleischmann & Co. (cereal), 31, Stockerstrasse, Zurich 2.

252 804 640 39 Freiämter Mosterei (fruit vinegar), Muri.

258 813 1239 70 Gabus-Plojoux & Co. Ltd. (wholesalers and retailers of colonial produce), 10, rue

252 875 340 45 de Coutance, Geneva.

252 886 1240 62 Gastpar, Klaeger & Co. (agents and importers of colonial produce, coffee and

252 943 479 50 tea), 47, Bahnhofstrasse, Olten.

258 965 1233 62 Gustav Gerig & Co. Ltd. (merchants and importers of foodstuffs and preserves)

255 1017 435 42 104, Seefeldstrasse, Zurich 8.

254 1030 1237 62 M. W. Gut & Co. (agents and importers of colonial produce), 20, Schweizergasse,

252 1087 148 42 Zurich 1.

254 1092 864 71 Hacoba Ltd. (infant foods), 159, Oberwilerstrasse, Basle.

254 1130 1232 75 Jean Haecky Importation S.A. (agents and importers), 12/18, Laufenstrasse, Basle.

254 1195 1230 56 C. Haessig Ltd. (importers of sugar and colonial produce), 172, Bruderholzallee,

252 1235 101 44 Basle.

255 1248 1231 71 Marius Hess & Co. Ltd. (colonial produce and preserves), 22, Wallstrasse, Basle.

252 1311 926 47 H. Hofer & Co. (importers), 34, Hirschmattstrasse, Lucerne.

252 1350 826 56 Jean Jenny (agent), 16, avenue du Servan, Lausanne.

255 1396 725 37 Maurice Joël, 14, place St-François, Lausanne

258 1410 1127 68 Otto Keller & Co. (exporters and importers), 50, Bolleystrasse, Zurich 6.

252 1452 1240 56 John Layton & Co. Ltd. (selling agents and importers of animal products, food¬

255 1503 844 43 stuffs and allied products), 14, Bahnhofplatz, Zürich 1

260 1526 1232 62 Manuel & Co. Ltd. (colonial produce and preserves), 5, place St-François,

260 1576 157 49 Lausanne.

263 1594 1020 64 W. Matter Ltd., (coffee importers), 24, avenue de Champel, Geneva.

260 1627 1227 71 Morga Lid. (manufacturers and merchants of colonial produce, foodstuffs, pre¬

255 1687 926 42 serves and diabetic foods, importers of tea). Ebnat-Kappel.

258 1702 1229 59 Edmond Mottier (buying agent for coffee, cocoa beans, condensed and pre¬

255 1750 1237 44 served milk, dried fruit, fish, conserves and spices), 12, rue de Monnetier,

260 1784 127 45 Geneva.

258 1798 1233 76 P. J. Murray, co interfrancke International Trading Corporation, 1, Limmat¬

261 1855 235 44 quai, Zürich 1.

260 1883 818 54 Nestlé Products Co. Ltd. (patent milk foods). Vevey.

266 1899 1228 74 Paramount (Ceylon) Ltd. (exporters of tea), Paramount Building, 4446, Baillie

263 1959 386 51 Street, Colombo, Ceylon.

260 1979 1054 67 Paul Reinhart & Co. (importers), 82, Technikumstrasse, Winterthur.

266 2021 1228 62 W. Simon (wholesale and retail dealers in foodstuffs), 285/287, Hardturmstrasse,

263 2072 153 48 Zurich. 5.

263 2084 1231 65 Société d'Echanges Commerciaux S.A. (sugar and colonial produce), 24, Grand¬

261 2143 223 50 Quai, Geneva.

268 2152 1224 68 Union Swiss Purchasing Association (USEGO. (Import and distribution to the

261 2211 1233 45 retail trade of foodstuffs, wines and liqueurs, fruit and vegetables). Olten.

266 2248 795 54 Branches in Winterthur, Lausanne and Landquart.
