1827 2586
254 180 970 69 Emmanuel Braunschweig (agent), 13, rue de Bourg, Lausanne.

256 232 1242 58 Canzani & Co. (manufacturers of gentlemens clothing, ladies coats and costumes

256 271 752 53 and ski costumes), 44, Stauffacherquai, Zurich 4.

256 308 696 48 Dreifuss & Cahn, 25, Löwenstrasse, Zürich 1.

251 355 641 37 Joseph Elmiger, 21, Tödistrasse, Zürich 1.

256 387 1235 64 Feldpausch (ladies clothing), 38/90, Bahnhofstrasse, Zürich 1, and 1927, Falkner¬

257 427 225 44 strasse, Basle.

257 435 1241 79 S. L. & M. Feathers Ltd. (manufacturers of gentlemens clothing, raincoats and

262 502 819 54 waterproofs), 56, Dale Street, Piccadilly, Manchester.

256 531 744 48 Hermann Geller (agent), 2, rue Etraz, Lausanne

256 561 1237 66 S. Green Cowell & Co. (manufacturers of sports and racing clothing), 14, Cross

256 609 394 37 Belgrave Street, Leeds 2.

260 630 1227 62 Grieder & Co. (retailers of ladies' and gentlemens clothing), 30, Bahnhofstrasse,

256 681 147 42 Zurich 1

254 695 836 73 Fritz Iseli, clo Roth & Co. (manufacturers), Zofingen.

251 731 1234 73 Hermann Leu (manufacturer of ladies', children's and young ladies coats, top¬

257 793 793 42 coats, and costumes), 1, Kornhausbrücke, Zurich 5.

251 805 1237 76 James Ed. Partridge (for ladies, gentlemen and children), 22, Maupas, Lausanne,

257 872 1233 40 PR Burger-Kehl & Co. Ltd. (manufacturers, wholesalers, retailers and exporters

257 908 1230 40 of men's and boys' clothing, cloth materials and accessories), 115, Bederstrasse,

257 935 149 45 Zurich 2.

257 954 1123 65 Edouard Rebsamen (merchant tailor). 11, boulevard James-Fazy, Geneva.

256 1011 1225 64 Schellenberg, Sax & Co. Ltd. (manufacturers of gentlemen's shirts, and ladies

256 1045 483 48 blouses), Trübbach (St. Gallen).

257 1066 1231 72 L.-C. Stein (retailer of ladies' dresses, coats, blouses and skirts, and sports

256 1115 830 43 clothing), 10 and 22, rue de la Confédération, Geneva,

256 1146 1229 71 Charles Veillon Confection Ltd. manufacturers of and mail order trade in

257 1189 821 50 ready made clothes), 290, avenue d'Ouchy, Lausanne.

256 1206 1240 73 Zum Wilden Mann A.G. (retailers of all kinds of ready-made dresses for ladies

254 1267 1016 35 and children; millinery and dressmaking), 35, Freiestrasse, Basle.

206 1298 256 70 Coachbuilders

256 1337 1242 83 Carrosserie de Sécheron S.A. (manufacturers and repairers of all kinds of vehicle

256 1394 534 35 bodies), 53, avenue Blanc, Geneva,

257 1420 674 58 Schweiz. Industrie-Gesellschaft, Neuhausen.

201 1462 581 65 Coal, Coke and Charcoal Dealers

257 1496 1241 91 David Blackstone & Co. (exporters of coal, coke and anthracite), Battledown

262 1563 308 48 Works, Cheltenham.

256 1586 1234 65 Cica. Comptoir d'importation de Combustibles S.A. (importers of British coal;

256 1635 875 48 gas and fuel oil importers), 71, Hiltalingerstrasse, Basle.

251 1670 742 52 Cobelux S.A., 7, avenue du Théâtre, Lausanne.

254 1710 700 51 Colgemo Ltd., 2, quai Gustave-Ador, Geneva.

254 1716 1230 93 Diethelm & Co. Ltd., 15, Talstrasse, Zurich 1. Also at Singapore, Penang, Bang¬

251 1789 424 43 kok. Saison and Halphong.

251 1793 1025 86 A. Mathys (and all by-products), 101, Universitätstrasse, Zurich 6.

254 1854 1237 57 Hans Sachs Ltd. (importers of firewood; importers and dealers in charcoal).

257 1894 310 51 75, Rennweg, Basle.

251 1922 1237 63 Spetzmann Kohlen-Import A.G. (importers and wholesalers of coal, coke, fire¬

252 1973 705 54 wood and fuel oil), 12, Viaduktstrasse, Basel.

200 1993 382 90 Cocoa Manufacturers

251 2058 455 59 Chocolat Stella S.A., Lugano

251 2071 688 76 Chocolat Suchard Ltd., Serrières-Neuchatel.

249 2117 1187 78 Fabrique de Chocolat et de Produits alimentaires de Villars S.A., Fribourg.

198 2182 380 70 Colour for Foodstuffs

248 2227 739 82 Emil Flachsmann, 60, Butzenstrasse, Zürich 38.
