1813 2586
196 178 740 81 Machinery Manufacturers and Merchants

252 227 1238 69 Aksa Ltd. (merchants for petrol and diesel engines, axles and wheels), 35, Renn¬

258 290 230 43 weg, Zurich 1.

253 307 1167 79 Association of Swiss Machine Tool and Tool Dealers, 11. Mühlbachstrasse,

253 363 148 46 Zurich 8.

259 386 856 65 Willy A. Bachofen (manufacturer), 15. Utengasse, Basle.

250 429 1169 60 André Bechler Ltd. (machinery and machine tool manufacturers), Moutier.

252 483 1233 63 Mario del Bianco S.à r.l. (papermaking machinery merchants), 1, rue Beau-Séjour,

252 525 162 46 Lausanne.

258 533 735 80 R. Blaser (merchant), 15. Mühlenplatz, Lucerne.

253 593 780 57 C. Brand Ltd. (merchants). 4, Sternengasse, Baste.

256 631 1226 61 Cipag S.A. (manufacturers of sandblasting machines), 15, rue Louis-Meyer, Vevey.

253 684 1229 43 Color Metal Ltd. (manufacturers of offset printing machines, automatons for

258 721 1221 32 the manufacture of slide fasteners, complete metal spraying plants and auto¬

256 749 1223 57 matons for the setting, removing and storing of drawing pins), 113, Uetliberg¬

250 777 289 52 strasse, Zurich 45.

258 801 1161 67 Commerce d’Outremer S.A. (Importers and exporters), 2. Seegartenstrasse,

252 857 148 49 Zurich 8.

252 866 1230 66 Drytester G.m.b.H. (manufacturers of measuring instruments for the textile

258 929 1226 34 trade and textile machinery merchants), Lungern. Technical office at 88, Gloria¬

253 960 287 36 strasse, Zurich 44.

253 977 875 60 Ebosa Ltd. (manufacturers), 54, Kapellstrasse, Grenchen.

256 1025 1164 66 Otto Elmer & Co. (agents for textile machinery), 18, Tödistrasse, Zurich 2.

256 1076 828 46 Engler & Co. (merchants), 7, Stadthausquai, Zürich 1.

250 1113 994 49 Escher Wyss Ltd. (manufacturers), Escher-Wyss-Platz, Zürich 5.

256 1155 1226 49 A. Feuz & Co. (manufacturers of Trimace hand-knitting machines), 5. Speicher¬

252 1195 214 49 gasse, Berne.

256 1210 1223 73 George Fischer Ltd. (machinery and machine tool manufacturers), Schaffhausen

258 1269 1204 49 Graf & Co. (card clothing machinery manufacturers), Rapperswil (St. Gallen).

256 1309 1228 46 Maag Gear-Wheel Co. Ltd. (manufacturers of gear cutting and grinding machines,

253 1348 1234 49 high precision gear wheels, gear measuring instruments, gear wheels and gear

258 1380 826 40 drives, gear wheel pumps). 219, Hardstrasse, Zurich 5.

253 1416 1166 49 Machines Ltd. (printing machinery merchants), 61, Monbijoustrasse, Berne.

258 1450 1226 43 A. Maurer Lid. (manufacturers of machinery for the production of rayon, staple

256 1493 1228 48 fibre, synthetic fibres, transparent paper, photographic films and papers; design

252 1524 855 34 and erection of complete plants). 3. Dammweg, Berne.

261 1547 1099 54 Walter Meier (machine tool merchant), 11, Mühlbachstrasse, Zürich 3.

253 1595 1231 48 Monotype Corporation Ltd. (manufacturers of single type casting and compos¬

258 1633 1110 53 ing machines, super casters and accessories), 7a, Laupenstrasse, Berne.

253 1670 917 50 Polytechna Ltd. (merchants), 1. Beethovenstrasse, Zurich 2.

258 1709 917 42 Rausser & Co. (merchants), 72, Mühlbachstrasse, Zurich 8.

256 1735 1056 60 Paul Reinhart & Co. (merchants), 82, Technikumstrasse, Winterthur.

256 1783 1234 49 Joh. Jacob Rieter & Co. Ltd. (manufacturers of machinery for cotton spinning

256 1828 1231 46 and doubling and special machinery for spinning coarse yarns and worsted

256 1857 304 48 yarns), Winterthur.

261 1869 1202 82 Theo. Schneider & Co. (textile machinery merchants), Rapperswil (St. Gallen).

256 1933 930 46 Schweiz. Industrie-Gesellschaft (manufacturers), Neuhausen

258 1957 1168 62 Société d'Echanges Commerciaux S.A. (merchants), 24, Grand-Quai, Geneva.

259 2008 1237 61 Socsil S.A. (machinery merchants and general agents for motors, pumps and

256 2056 596 45 machines). 2, Grand-Chêne, Lausanne.

262 2087 1231 60 Hans Stutz Ing. A.G. (agents for machine and precision tools and measuring

264 2124 804 42 Instruments), 29, Goldhaldenstrasse, Zollikon-Zurich.

264 2164 764 40 Sulzer Brothers Ltd. (manufacturers), Winterthur.

259 2197 1059 55 Swiss Locomotive and Machine Works (manufacturers), Winterthur.

258 2242 1043 54 Tarex Ltd. (manufacturers), 14, rue des Ronzades, Geneva-Acacias.
