1840 2588
295 151 1080 140 Hints on how to trade with

605 293 479 106 Switzerland

267 400 1208 85 The British Chamber of Commerce for Switzerland (inc.) has its

195 468 1277 70 Head Office at 21, St. Jakobsstrasse, Basle, and a Branch Office at 8.

197 517 471 72 av. du Théâtre, Lausanne.

271 562 1209 74 The Chamber will be happy to furnish any information desired on

195 629 1275 52 the subject of trade with Switzerland. If you are looking for new openings,

203 676 1275 57 wish to find an agent, would like details about customs duties, do not

197 727 1196 67 hesitate to consult the Chamber at either of the offices mentioned.

274 772 1194 69 The population of Switzerland is roughly 41 million. Out of every

199 823 1273 61 1000 inhabitants 726 speak German, 207 French, 52 Italian, 11 the Ro¬

197 874 873 69 manische of the Grisons, and 4 other languages.

275 924 1203 72 When communicating with Swiss firms it is desirable to use the

199 983 1276 66 languages understood in the country. But if English is the only language

197 1026 1183 53 in which you are proficient, you can also use good, plain English.

267 1081 1213 72 The decimal system is used in Switzerland and it will be to your

195 1137 1280 54 advantage to quote all weights and measures in that system. If you have

199 1185 1273 70 difficulty in finding the equivalents, write to the Chamber and obtain a

195 1231 1168 60 very useful little leaflet with the information carefully tabulated.

267 1270 1208 81 If, as the result of some misunderstanding, you are unable to obtain

197 1337 1279 56 satisfaction from your Swiss customers, do not immediately start a

199 1387 1279 53 lawsuit. The British Chamber of Commerce for Switzerland has a Court

199 1428 1279 50 of Arbitration which will help you to settle commercial disputes with a

199 1473 659 71 minimum of cost and inconvenience.

267 1508 1211 82 The principal goods imported into Switzerland from Great Britain

195 1580 1277 56 are raw cotton and wool, coal, metals, leather goods, paper goods, yarns,

195 1632 1275 56 silk and rayon goods, woollen textiles, rubber goods, machinery, motor¬

202 1675 1097 72 cycles and motor-cars, instruments and apparatus, hardware.

267 1715 1209 82 Swiss goods principally exported to the United Kingdom are silk and

197 1757 1279 83 rayon piece goods, machinery, watches, aniline dyes, cotton piece goods.

195 1832 1280 45 embroidery, foot wear, instruments and apparatus, pharmaceutical pro¬

202 1873 483 69 ducts, perfumes and soaps.

267 1920 1211 69 Membership of the British Chamber of Commerce for Switzerland

195 1987 1281 55 is open to British and Swiss firms or individual persons engaged in trade.

199 2030 1276 69 An application form and full particulars will be forwarded on request.

266 2088 1215 62 The Anglo-Swiss Trade Review is published regularly by the

197 2123 1283 66 Chamber in the interests of its members and is distributed throughout

199 2186 1287 61 the world. Members receive it free of charge. Advertisement rates will

199 2224 419 72 be supplied on request.
