1818 2594
357 178 1110 64 Société Suisse Clémateite S.A. (manufacturers of arc shields). Vallorbe.

360 230 1239 63 H. C. Summerer (agent for equipment and accessories), 211, Bellerivestrasse,

360 271 150 45 Zurich 8.

363 290 1084 70 Swiss Locomotive and Machinery works (manufacturers), Winterthur.

363 330 1235 64 J.-J. Thomkins (agent for household electrical apparatus), 8, rue Arqueuse,

361 382 129 43 Geneva.

357 388 1247 80 Tristar Co., Inc. (importers and distributors of electric appliances), 7, rue de

366 459 452 44 l'Ecole de Médecine, Geneva.

366 467 1236 70 Usines Jean Gallay S.A. (manufacturers of electric radiator heaters), chemin

366 523 366 40 Frank-Thomas, Geneva

361 549 1082 68 L. Wachendorf & Co. (electro-technical goods), 45, Freiestrasse, Basle

309 614 490 81 Embroider Manufacturers

361 662 1235 72 Aug. Giger & Co. (manufacturers and exporters of novelties in ladies em¬

363 718 952 44 broidered neckwear and lace), 11, Teufenerstrasse, St. Gallen.

366 740 1226 64 Adolph Hahn & Co. (manufacturers and exporters of handkerchiefs, novelties

361 791 1234 44 curtains, table covers, bed sets, allovers and laces). 2, Berneckstrasse, St. Gallen.

363 831 841 42 Hausammann & Co., 30, St. Gallerstrasse, Winterthur.

363 853 1104 62 Alfred Metzger & Co. (lace and novelties), 33, Davidstrasse, St. Gallen.

361 911 984 54 Neuburger & Co. Ltd. (all kinds), 27, Vadianstrasse, St. Gallen.

363 946 627 65 Taco Ltd., 2, Werdmühleplatz, Zürich 1.

315 999 225 92 Engineering

368 1049 1234 79 Daniel Adamson & Co. Ltd. (engineers and boilermakers), Engineering Works,

366 1112 332 50 Dukinfield, Cheshire.

366 1123 996 68 Amalgamations Ltd., 202, Mount Road, Madras (Southern India).

366 1171 1236 75 André Bechler Ltd. (machinery, machine tool and tool manufacturers), Moutier.

369 1225 376 45 Bühler Brothers, Uzwil.

369 1267 1233 47 Cipag S.A. (manufacturers of hot water boilers for domestic and industrial pur¬

368 1301 1000 47 poses and sandblasting machines), 15, rue Louis-Meyer, Vevey

366 1322 1232 74 Dietheim & Co. Ltd., 15, Talstrasse, Zurich 1. Also at Singapore, Penang, Bang¬

366 1378 425 43 kok, Saigon and Haiphong.

371 1396 1227 62 Escher Wyss Ltd. (manufacturers of steam and waterpower plant, turbines,

369 1449 1226 34 turbo-compressors, turbo-blowers, boilers, evaporating plant, industrial centri¬

371 1481 1227 42 fuges, refrigerating machinery and heat pumps), Escher-Wyss-Platz, Zurich 5.

369 1512 1232 42 J. Granville Grenfell Ltd. (engineers tools), South Road Works, South Road,

375 1554 297 50 Weybridge, Surrey

369 1576 1233 61 Inventa Ltd. (consulting engineers for chemical plants and general contractors

369 1626 906 40 for chemical plant equipment), 23. Haldenstrasse, Lucerne

369 1640 1123 66 Oscar Kihm (engineering and electrical plant), 1, In der Hub, Zurich 57.

369 1685 1233 62 Luwa A.G. (manufacturers of air conditioning and heating appliances), 40, Ane¬

368 1737 380 47 monenstrasse, Zürich 47

369 1767 1235 48 A. Maurer Ltd. (manufacturers of machinery for the production of rayon, staple

369 1807 1235 44 fibre, synthetic fibres, transparent paper, photographic films and papers, design

369 1841 841 47 and erection of complete plants). 3. Dammweg, Berne

369 1863 1232 61 Max C. Meister (agent for railway supplies and lubricating of filters), 25, Löwen-

374 1913 267 46 strasse, Zürich 1

371 1927 1233 57 Sulzer Brothers Ltd. (manufacturers of machinery, diesel engines, steam and

375 1976 1226 47 waterpower plant, turbines and turbo-blowers, pumps and fans, and refriger¬

369 2010 472 45 ating machinery), Winterthur.

371 2020 1233 68 Swiss Locomotive and Machine Works (manufacturers of steam, electric and

369 2085 1235 46 diesel locomotives, light petrol and diesel engines, propelling machinery, steam

369 2119 1188 48 and waterpower plant, rotary compressors and vacuum pumps), Winterthur.

313 2164 266 79 Essential ils

369 2220 739 59 Emil Flachsmann, 60. Butzenstrasse, Zürich 38.
