1809 2589
373 180 1242 79 Wettler & Frey (iron and steel mill products, bar iron, angle iron, section iron,

370 234 897 49 sheet iron, perforated plates), 37, Ottikerstrasse, Zurich 6.

311 268 208 79 Metal Foil

367 327 1241 76 David Blackstone & Co. (for processed cheese packing), Battledown works,

373 375 194 59 Cheltenham.

316 417 235 76 Metal Goods

370 457 1177 82 Hoffmann Brothers (metalware manufacturers), 16, Schulhausstrasse, Thun.

372 522 1226 46 Merker A.G. (manufacturers of nickel-plated moulds for the chocolate industry.

373 565 1227 45 all kinds of tinned enamelled and sprayed household articles and stainless steel

372 593 669 39 sinks and chromium steel utensis), Baden.

369 615 1231 66 Perce Chronograph & Watch Factories Ltd. (manufacturers of all series mass¬

369 666 1231 57 produced metal articles. Cutting and turning parts; stamping, milling), 103, fau¬

367 697 358 45 bourg du Lac, Bienne.

372 712 1233 72 Usines Jean Gallay S.A. (manufacturers of metalware, metal drums), chemin

364 764 382 61 Frank-Thomas, Geneva.

311 804 518 79 Metal powder Manufacturer

373 850 967 89 W. Kaiser (bronze powder), 18, rue des Pâquerettes, Delémont,

316 917 417 73 Metal Spraying Pistois

370 949 1235 93 Color Metal Ltd. (manufactures; also complete plants), 113, Uetlibergstrasse,

370 1014 163 61 Zurich 45.

316 1049 505 74 Microscopes and Magnifiers

367 1093 1238 93 Kern & Co. Ltd. (manufacturers of prismatic binocular microscopes), 18, Ziegel¬

366 1155 196 45 rain, Aarau

366 1191 1245 60 Henry Wild Surveying Instruments Supply Co. Ltd. (manufacturers of micro¬

367 1227 550 63 scopes and magnifiers), Heerbrugg.

311 1262 439 73 Milk Testing Apparatus

362 1333 1235 62 J. E. Gerber & Co. (manufacturers of original GERBER milk tester), 45, Nüscheler¬

362 1366 279 57 strasse, Zürich 1

311 1397 312 84 Model Engineers

367 1433 1231 79 Bassett-Lowke Ltd. (manufacturers of scale models of every description for all

367 1508 1233 38 purposes. Architectural models, ship models, railway models, sectional models

372 1539 1226 39 for instructional purposes, exhibition and display models. Mechanical models

367 1570 1233 39 for amusement and recreational purposes. Model trains and railway equipment.

367 1605 1234 46 including clockwork, steam and electric propulsion. Model sailing yachts and

367 1631 742 39 power boats), St. Andrews Street, Northampton.

364 1637 1171 65 London showrooms and retail branch: 112, High Holborn, London W. C. 1.
