<?xml version="1.0" encoding="UTF-8"?>
<alto xmlns:xsi="http://www.w3.org/2001/XMLSchema-instance"
      xmlns="http://www.loc.gov/standards/alto/ns-v4#"
      xmlns:page="http://schema.primaresearch.org/PAGE/gts/pagecontent/2013-07-15"
      xsi:schemaLocation="http://www.loc.gov/standards/alto/ns-v4# https://www.loc.gov/standards/alto/v4/alto.xsd">
   <Description>
      <MeasurementUnit>pixel</MeasurementUnit>
      <sourceImageInformation>
         <fileName>tradin_9960590510105504_1951_85 seiten-0043.jpg</fileName>
      </sourceImageInformation>
      <Processing ID="IdOcr">
         <processingDateTime>2023-03-23T12:01:11.923+01:00</processingDateTime>
         <processingSoftware>
            <softwareCreator>READ COOP</softwareCreator>
            <softwareName>Transkribus</softwareName>
         </processingSoftware>
      </Processing>
   </Description>
   <Layout>
      <Page ID="Page1" PHYSICAL_IMG_NR="1" HEIGHT="2586" WIDTH="1812">
         <TopMargin HEIGHT="0" WIDTH="1812" VPOS="0" HPOS="0"/>
         <LeftMargin HEIGHT="2586" WIDTH="0" VPOS="0" HPOS="0"/>
         <RightMargin HEIGHT="2586" WIDTH="0" VPOS="0" HPOS="1812"/>
         <BottomMargin HEIGHT="0" WIDTH="1812" VPOS="2586" HPOS="0"/>
         <PrintSpace HEIGHT="2586" WIDTH="1812" VPOS="0" HPOS="0">
            <TextBlock ID="TextRegion_1675697153383_78510"
                       HEIGHT="38"
                       WIDTH="1375"
                       VPOS="203"
                       HPOS="177"
                       LANG="">
               <Shape>
                  <Polygon POINTS="177,203 1552,203 1552,241 177,241"/>
               </Shape>
               <TextLine ID="TextRegion_1675697153383_78510_tl_1"
                         BASELINE="266,228 296,228 326,228 356,228 386,228 416,230 446,226 476,226 506,228 536,228 566,226 596,228 626,228 656,228 686,228 716,228 746,228 776,228 806,228 836,228 866,228 896,228 926,228 956,228 986,228 1016,228 1046,228 1076,228 1106,228 1136,228 1166,228 1196,228 1226,228 1256,228 1286,228 1316,228 1346,228 1376,230 1406,230 1436,230 1466,232 1496,232 1500,232"
                         HEIGHT="74"
                         WIDTH="1238"
                         VPOS="168"
                         HPOS="258">
                  <String ID="string_TextRegion_1675697153383_78510_tl_1"
                          HEIGHT="74"
                          WIDTH="1238"
                          VPOS="168"
                          HPOS="258"
                          CONTENT="George Lee &amp; Sons Ltd. (spinners and dyers of knitting wools Target Brand)."/>
               </TextLine>
            </TextBlock>
            <TextBlock ID="TextRegion_1675697153382_78509"
                       HEIGHT="41"
                       WIDTH="1375"
                       VPOS="241"
                       HPOS="177"
                       LANG="">
               <Shape>
                  <Polygon POINTS="177,241 1552,241 1552,282 177,282"/>
               </Shape>
               <TextLine ID="TextRegion_1675697153382_78509_tl_1"
                         BASELINE="264,268 294,270 324,270 354,270 384,270 414,268 444,268 474,268 504,268 534,268 564,268 594,268 624,268 654,268 684,268 712,268"
                         HEIGHT="57"
                         WIDTH="454"
                         VPOS="233"
                         HPOS="256">
                  <String ID="string_TextRegion_1675697153382_78509_tl_1"
                          HEIGHT="57"
                          WIDTH="454"
                          VPOS="233"
                          HPOS="256"
                          CONTENT="Providence Mills, Wakefield."/>
               </TextLine>
            </TextBlock>
            <TextBlock ID="TextRegion_1675697152466_78505"
                       HEIGHT="43"
                       WIDTH="1375"
                       VPOS="282"
                       HPOS="177"
                       LANG="">
               <Shape>
                  <Polygon POINTS="177,282 1552,282 1552,325 177,325"/>
               </Shape>
               <TextLine ID="TextRegion_1675697152466_78505_tl_1"
                         BASELINE="264,310 272,308 302,308 332,310 362,310 392,308 422,308 452,308 482,308 512,308 542,308 572,308 602,308 632,308 662,308 692,308 722,308 752,308 782,308 812,308 842,308 872,308 902,308 932,308 962,310 992,308 1022,308"
                         HEIGHT="67"
                         WIDTH="763"
                         VPOS="256"
                         HPOS="256">
                  <String ID="string_TextRegion_1675697152466_78505_tl_1"
                          HEIGHT="67"
                          WIDTH="763"
                          VPOS="256"
                          HPOS="256"
                          CONTENT="John Müller Lid. (ders), Strengelbach (Aargau)."/>
               </TextLine>
            </TextBlock>
            <TextBlock ID="TextRegion_1675697151316_78501"
                       HEIGHT="41"
                       WIDTH="1375"
                       VPOS="325"
                       HPOS="177"
                       LANG="">
               <Shape>
                  <Polygon POINTS="177,325 1552,325 1552,366 177,366"/>
               </Shape>
               <TextLine ID="TextRegion_1675697151316_78501_tl_1"
                         BASELINE="264,348 294,348 324,348 354,350 384,350 414,348 444,350 474,350 504,350 534,348 564,348 594,350 624,350 654,350 684,348 714,348 744,348 774,348 804,348 834,348 864,348 894,348 924,348 954,348 984,350 1014,348 1044,348 1074,350 1078,350"
                         HEIGHT="50"
                         WIDTH="818"
                         VPOS="307"
                         HPOS="256">
                  <String ID="string_TextRegion_1675697151316_78501_tl_1"
                          HEIGHT="50"
                          WIDTH="818"
                          VPOS="307"
                          HPOS="256"
                          CONTENT="Schoeller &amp; Co. (ders), 14, Schanzengasse, Zürich 1"/>
               </TextLine>
            </TextBlock>
            <TextBlock ID="TextRegion_1675697150202_78497"
                       HEIGHT="39"
                       WIDTH="1375"
                       VPOS="366"
                       HPOS="177"
                       LANG="">
               <Shape>
                  <Polygon POINTS="177,366 1552,366 1552,405 177,405"/>
               </Shape>
               <TextLine ID="TextRegion_1675697150202_78497_tl_1"
                         BASELINE="264,386 294,388 324,390 354,390 384,390 414,388 444,390 474,390 504,390 534,388 564,388 594,388 624,388 654,388 684,386 714,388 744,388 774,388 804,388 834,388 864,388 894,388 924,388 954,390 984,390 1014,388 1022,388"
                         HEIGHT="49"
                         WIDTH="763"
                         VPOS="355"
                         HPOS="256">
                  <String ID="string_TextRegion_1675697150202_78497_tl_1"
                          HEIGHT="49"
                          WIDTH="763"
                          VPOS="355"
                          HPOS="256"
                          CONTENT="Stoffel &amp; Co., 20/22, Rosenbergstrasse, St. Gallen."/>
               </TextLine>
            </TextBlock>
            <TextBlock ID="TextRegion_1675697148942_78493"
                       HEIGHT="53"
                       WIDTH="1375"
                       VPOS="405"
                       HPOS="177"
                       LANG="">
               <Shape>
                  <Polygon POINTS="177,405 1552,405 1552,458 177,458"/>
               </Shape>
               <TextLine ID="TextRegion_1675697148942_78493_tl_1"
                         BASELINE="268,426 298,430 328,430 358,430 388,430 418,430 448,430 478,430 508,430 538,430 568,430 598,430 628,430 658,430 688,430 718,430 748,430 778,430 808,430 838,430 868,430 898,430 928,430 958,430 988,430 1018,430 1048,430 1078,430 1108,430 1138,430 1168,430 1198,430 1228,430 1258,430 1288,430 1318,430 1348,430 1378,430 1408,430 1438,430 1468,432 1472,430"
                         HEIGHT="91"
                         WIDTH="1211"
                         VPOS="374"
                         HPOS="259">
                  <String ID="string_TextRegion_1675697148942_78493_tl_1"
                          HEIGHT="91"
                          WIDTH="1211"
                          VPOS="374"
                          HPOS="259"
                          CONTENT="United Dyeing &amp; Finishing Works Ltd. (dyers of yarns and piece goods). Thalwil."/>
               </TextLine>
            </TextBlock>
            <TextBlock ID="TextRegion_1675697146859_78489"
                       HEIGHT="56"
                       WIDTH="1375"
                       VPOS="458"
                       HPOS="177"
                       LANG="">
               <Shape>
                  <Polygon POINTS="177,458 1552,458 1552,514 177,514"/>
               </Shape>
               <TextLine ID="TextRegion_1675697146859_78489_tl_1"
                         BASELINE="212,498 218,498 248,496 278,496 308,498 338,498 368,498 398,496 428,496 458,498 488,498 518,496"
                         HEIGHT="83"
                         WIDTH="310"
                         VPOS="448"
                         HPOS="204">
                  <String ID="string_TextRegion_1675697146859_78489_tl_1"
                          HEIGHT="83"
                          WIDTH="310"
                          VPOS="448"
                          HPOS="204"
                          CONTENT="Dyestuff Dealers"/>
               </TextLine>
            </TextBlock>
            <TextBlock ID="TextRegion_1675697146270_78485"
                       HEIGHT="71"
                       WIDTH="1375"
                       VPOS="514"
                       HPOS="177"
                       LANG="">
               <Shape>
                  <Polygon POINTS="177,514 1552,514 1552,585 177,585"/>
               </Shape>
               <TextLine ID="TextRegion_1675697146270_78485_tl_1"
                         BASELINE="270,540 300,542 330,542 360,540 390,540 420,540 450,542 480,540 510,538 540,540 570,542 600,542 630,542 660,542 690,542 720,542 750,542 780,540 810,542 840,542 870,542 900,542 930,540 960,540 990,540 1020,542 1050,542 1080,542 1110,542 1140,542 1170,542 1200,542 1230,542 1260,542 1290,544 1320,542 1350,542 1380,542 1410,542 1440,542 1470,542 1498,540"
                         HEIGHT="100"
                         WIDTH="1234"
                         VPOS="474"
                         HPOS="259">
                  <String ID="string_TextRegion_1675697146270_78485_tl_1"
                          HEIGHT="100"
                          WIDTH="1234"
                          VPOS="474"
                          HPOS="259"
                          CONTENT="AMIDRO (Swiss Druggists and Chemists Purchasing Association), 7, Mettlen¬"/>
               </TextLine>
               <TextLine ID="TextRegion_1675697146270_78485_tl_2"
                         BASELINE="264,570 294,572 324,572 354,574 384,572 414,572 444,572 464,572"
                         HEIGHT="45"
                         WIDTH="204"
                         VPOS="546"
                         HPOS="256">
                  <String ID="string_TextRegion_1675697146270_78485_tl_2"
                          HEIGHT="45"
                          WIDTH="204"
                          VPOS="546"
                          HPOS="256"
                          CONTENT="weg. Bienne"/>
               </TextLine>
            </TextBlock>
            <TextBlock ID="TextRegion_1675697145192_78481"
                       HEIGHT="40"
                       WIDTH="1375"
                       VPOS="585"
                       HPOS="177"
                       LANG="">
               <Shape>
                  <Polygon POINTS="177,585 1552,585 1552,625 177,625"/>
               </Shape>
               <TextLine ID="TextRegion_1675697145192_78481_tl_1"
                         BASELINE="268,610 298,612 328,612 358,612 388,612 418,612 448,612 478,612 508,612 538,610 568,614 598,614 628,612 658,612 688,612 718,612 748,612 778,612 808,612 838,612 868,612 898,612 918,614"
                         HEIGHT="70"
                         WIDTH="655"
                         VPOS="557"
                         HPOS="259">
                  <String ID="string_TextRegion_1675697145192_78481_tl_1"
                          HEIGHT="70"
                          WIDTH="655"
                          VPOS="557"
                          HPOS="259"
                          CONTENT="Bubeck &amp; Dolder, 79, Immengasse, Basle."/>
               </TextLine>
            </TextBlock>
            <TextBlock ID="TextRegion_1675697144216_78477"
                       HEIGHT="43"
                       WIDTH="1375"
                       VPOS="625"
                       HPOS="177"
                       LANG="">
               <Shape>
                  <Polygon POINTS="177,625 1552,625 1552,668 177,668"/>
               </Shape>
               <TextLine ID="TextRegion_1675697144216_78477_tl_1"
                         BASELINE="268,650 298,654 328,654 358,654 388,654 418,654 448,654 478,654 508,654 538,652 568,654 598,652 628,652 658,654 688,652 718,652 748,654 778,652 808,654 838,654 868,654 898,654 928,654 958,654 988,652 1018,652 1048,654 1078,654 1108,654 1138,654 1168,652 1198,654 1228,654 1258,654 1288,654 1318,656"
                         HEIGHT="63"
                         WIDTH="1056"
                         VPOS="605"
                         HPOS="259">
                  <String ID="string_TextRegion_1675697144216_78477_tl_1"
                          HEIGHT="63"
                          WIDTH="1056"
                          VPOS="605"
                          HPOS="259"
                          CONTENT="Otto Eimer &amp; Co. (and textile auxiliaries), 18, Tödistrasse, Zurich 2."/>
               </TextLine>
            </TextBlock>
            <TextBlock ID="TextRegion_1675697143421_78473"
                       HEIGHT="41"
                       WIDTH="1375"
                       VPOS="668"
                       HPOS="177"
                       LANG="">
               <Shape>
                  <Polygon POINTS="177,668 1552,668 1552,709 177,709"/>
               </Shape>
               <TextLine ID="TextRegion_1675697143421_78473_tl_1"
                         BASELINE="268,690 298,694 328,694 358,694 388,694 418,694 448,694 478,694 508,694 538,694 568,694 598,692 628,692 658,692 688,692 718,692 748,694 778,694 808,692 838,692 868,692 878,694"
                         HEIGHT="46"
                         WIDTH="616"
                         VPOS="661"
                         HPOS="259">
                  <String ID="string_TextRegion_1675697143421_78473_tl_1"
                          HEIGHT="46"
                          WIDTH="616"
                          VPOS="661"
                          HPOS="259"
                          CONTENT="Pharmacolor Ltd., 10. Gemsberg, Basle."/>
               </TextLine>
            </TextBlock>
            <TextBlock ID="TextRegion_1675697140711_78469"
                       HEIGHT="54"
                       WIDTH="1375"
                       VPOS="709"
                       HPOS="177"
                       LANG="">
               <Shape>
                  <Polygon POINTS="177,709 1552,709 1552,763 177,763"/>
               </Shape>
               <TextLine ID="TextRegion_1675697140711_78469_tl_1"
                         BASELINE="266,732 296,734 326,734 356,734 386,736 416,736 446,736 476,734 506,736 536,734 566,734 596,734 626,734 656,732 686,734 716,734 746,734 776,734 806,734 836,734 854,734"
                         HEIGHT="56"
                         WIDTH="593"
                         VPOS="702"
                         HPOS="258">
                  <String ID="string_TextRegion_1675697140711_78469_tl_1"
                          HEIGHT="56"
                          WIDTH="593"
                          VPOS="702"
                          HPOS="258"
                          CONTENT="Prifa Ltd., 10, Obere Zäune, Zürich 1."/>
               </TextLine>
            </TextBlock>
            <TextBlock ID="TextRegion_1675697139536_78465"
                       HEIGHT="54"
                       WIDTH="1375"
                       VPOS="763"
                       HPOS="177"
                       LANG="">
               <Shape>
                  <Polygon POINTS="177,763 1552,763 1552,817 177,817"/>
               </Shape>
               <TextLine ID="TextRegion_1675697139536_78465_tl_1"
                         BASELINE="214,800 244,800 274,800 304,802 334,802 364,802 394,802 424,802 454,802 484,802 514,802 544,800 574,800 604,802 634,802 640,800"
                         HEIGHT="88"
                         WIDTH="431"
                         VPOS="741"
                         HPOS="205">
                  <String ID="string_TextRegion_1675697139536_78465_tl_1"
                          HEIGHT="88"
                          WIDTH="431"
                          VPOS="741"
                          HPOS="205"
                          CONTENT="Dyestuff Manufacturers"/>
               </TextLine>
            </TextBlock>
            <TextBlock ID="TextRegion_1675697138817_78461"
                       HEIGHT="40"
                       WIDTH="1375"
                       VPOS="817"
                       HPOS="177"
                       LANG="">
               <Shape>
                  <Polygon POINTS="177,817 1552,817 1552,857 177,857"/>
               </Shape>
               <TextLine ID="TextRegion_1675697138817_78461_tl_1"
                         BASELINE="268,842 298,844 328,846 358,846 388,846 418,846 448,846 478,846 508,846 538,844 568,844 598,844 628,846 658,844 688,846 718,846 748,846 778,846 808,846 838,844 842,844"
                         HEIGHT="53"
                         WIDTH="579"
                         VPOS="804"
                         HPOS="259">
                  <String ID="string_TextRegion_1675697138817_78461_tl_1"
                          HEIGHT="53"
                          WIDTH="579"
                          VPOS="804"
                          HPOS="259"
                          CONTENT="Ciba Ltd., 141, Klybeckstrasse, Basle."/>
               </TextLine>
            </TextBlock>
            <TextBlock ID="TextRegion_1675697138083_78457"
                       HEIGHT="43"
                       WIDTH="1375"
                       VPOS="857"
                       HPOS="177"
                       LANG="">
               <Shape>
                  <Polygon POINTS="177,857 1552,857 1552,900 177,900"/>
               </Shape>
               <TextLine ID="TextRegion_1675697138083_78457_tl_1"
                         BASELINE="268,884 298,886 328,886 358,886 388,886 418,886 448,886 478,886 508,884 538,884 568,884 598,884 628,884 658,884 688,886 718,886 748,886 778,886 808,886 838,884 868,884 898,884 928,884 958,884 988,884 1018,886 1036,888"
                         HEIGHT="67"
                         WIDTH="774"
                         VPOS="835"
                         HPOS="259">
                  <String ID="string_TextRegion_1675697138083_78457_tl_1"
                          HEIGHT="67"
                          WIDTH="774"
                          VPOS="835"
                          HPOS="259"
                          CONTENT="Clayton Aniline Co. Ltd., Clayton, Manch ster 11."/>
               </TextLine>
            </TextBlock>
            <TextBlock ID="TextRegion_1675697137001_78453"
                       HEIGHT="39"
                       WIDTH="1375"
                       VPOS="900"
                       HPOS="177"
                       LANG="">
               <Shape>
                  <Polygon POINTS="177,900 1552,900 1552,939 177,939"/>
               </Shape>
               <TextLine ID="TextRegion_1675697137001_78453_tl_1"
                         BASELINE="268,922 298,926 328,926 358,926 388,926 418,926 448,926 478,926 508,926 538,924 568,926 598,926 628,926 658,926 688,924 718,926 748,926 778,926 808,926 838,926 868,926 898,926 928,924 958,926 988,926 1018,926 1048,926 1050,924"
                         HEIGHT="37"
                         WIDTH="786"
                         VPOS="895"
                         HPOS="259">
                  <String ID="string_TextRegion_1675697137001_78453_tl_1"
                          HEIGHT="37"
                          WIDTH="786"
                          VPOS="895"
                          HPOS="259"
                          CONTENT="Durand &amp; Huguenin Ltd., 40, Fabrikstrasse, Basle."/>
               </TextLine>
            </TextBlock>
            <TextBlock ID="TextRegion_1675697136176_78449"
                       HEIGHT="69"
                       WIDTH="1375"
                       VPOS="939"
                       HPOS="177"
                       LANG="">
               <Shape>
                  <Polygon POINTS="177,939 1552,939 1552,1008 177,1008"/>
               </Shape>
               <TextLine ID="TextRegion_1675697136176_78449_tl_1"
                         BASELINE="264,964 294,966 324,966 354,966 384,966 414,966 444,966 474,966 504,966 534,966 564,966 594,966 624,966 654,966 684,966 714,966 744,966 774,966 804,966 834,966 864,964 894,966 924,966 954,966 984,966 1014,966 1044,966 1074,966 1104,966 1134,966 1164,966 1194,966 1224,966 1254,966 1284,966 1314,966 1344,966 1374,964 1404,964 1434,964 1464,966 1494,968 1498,968"
                         HEIGHT="74"
                         WIDTH="1238"
                         VPOS="905"
                         HPOS="256">
                  <String ID="string_TextRegion_1675697136176_78449_tl_1"
                          HEIGHT="74"
                          WIDTH="1238"
                          VPOS="905"
                          HPOS="256"
                          CONTENT="J. R. Geigy Ltd. (aniline colours and textile auxiliaries), 215, Schwarzwaldallee,"/>
               </TextLine>
               <TextLine ID="TextRegion_1675697136176_78449_tl_2"
                         BASELINE="268,994 298,996 328,998 358,996 362,996"
                         HEIGHT="49"
                         WIDTH="99"
                         VPOS="968"
                         HPOS="259">
                  <String ID="string_TextRegion_1675697136176_78449_tl_2"
                          HEIGHT="49"
                          WIDTH="99"
                          VPOS="968"
                          HPOS="259"
                          CONTENT="Basle."/>
               </TextLine>
            </TextBlock>
            <TextBlock ID="TextRegion_1675697133072_78443"
                       HEIGHT="43"
                       WIDTH="1375"
                       VPOS="1008"
                       HPOS="177"
                       LANG="">
               <Shape>
                  <Polygon POINTS="177,1008 1552,1008 1552,1051 177,1051"/>
               </Shape>
               <TextLine ID="TextRegion_1675697133072_78443_tl_1"
                         BASELINE="268,1034 298,1036 328,1036 358,1038 388,1036 418,1036 448,1036 478,1036 508,1036 538,1036 568,1036 598,1036 628,1036 658,1036 688,1036 718,1036 748,1038 778,1038 808,1038 838,1038 868,1038 898,1038 928,1038 958,1038 988,1038 1018,1036 1048,1036 1078,1036 1108,1036 1138,1038 1168,1036 1198,1036 1228,1036 1258,1038 1288,1038 1318,1036 1348,1038 1378,1038 1408,1038 1420,1040"
                         HEIGHT="80"
                         WIDTH="1157"
                         VPOS="982"
                         HPOS="259">
                  <String ID="string_TextRegion_1675697133072_78443_tl_1"
                          HEIGHT="80"
                          WIDTH="1157"
                          VPOS="982"
                          HPOS="259"
                          CONTENT="Imperial Chemical Industries (Export) Ltd., 46, Schützenmattstrasse, Basle."/>
               </TextLine>
            </TextBlock>
            <TextBlock ID="TextRegion_1675697131951_78439"
                       HEIGHT="54"
                       WIDTH="1375"
                       VPOS="1051"
                       HPOS="177"
                       LANG="">
               <Shape>
                  <Polygon POINTS="177,1051 1552,1051 1552,1105 177,1105"/>
               </Shape>
               <TextLine ID="TextRegion_1675697131951_78439_tl_1"
                         BASELINE="266,1074 296,1078 326,1078 356,1078 386,1078 416,1078 446,1078 476,1078 506,1078 536,1078 566,1078 596,1078 626,1078 656,1076 686,1074 716,1078 746,1078 776,1078 806,1076 814,1076"
                         HEIGHT="65"
                         WIDTH="554"
                         VPOS="1045"
                         HPOS="258">
                  <String ID="string_TextRegion_1675697131951_78439_tl_1"
                          HEIGHT="65"
                          WIDTH="554"
                          VPOS="1045"
                          HPOS="258"
                          CONTENT="Sandoz Ltd., 35, Lichtstrasse, Basle."/>
               </TextLine>
            </TextBlock>
            <TextBlock ID="TextRegion_1675697130357_78435"
                       HEIGHT="53"
                       WIDTH="1375"
                       VPOS="1105"
                       HPOS="177"
                       LANG="">
               <Shape>
                  <Polygon POINTS="177,1105 1552,1105 1552,1158 177,1158"/>
               </Shape>
               <TextLine ID="TextRegion_1675697130357_78435_tl_1"
                         BASELINE="214,1144 244,1144 274,1144 304,1144 334,1144 364,1144 394,1146 424,1144 454,1144 462,1144"
                         HEIGHT="73"
                         WIDTH="253"
                         VPOS="1099"
                         HPOS="205">
                  <String ID="string_TextRegion_1675697130357_78435_tl_1"
                          HEIGHT="73"
                          WIDTH="253"
                          VPOS="1099"
                          HPOS="205"
                          CONTENT="Elastic Goods"/>
               </TextLine>
            </TextBlock>
            <TextBlock ID="TextRegion_1675697129730_78431"
                       HEIGHT="45"
                       WIDTH="1375"
                       VPOS="1158"
                       HPOS="177"
                       LANG="">
               <Shape>
                  <Polygon POINTS="177,1158 1552,1158 1552,1203 177,1203"/>
               </Shape>
               <TextLine ID="TextRegion_1675697129730_78431_tl_1"
                         BASELINE="272,1186 302,1188 332,1188 362,1188 392,1188 422,1188 452,1186 482,1186 512,1188 542,1186 572,1188 602,1186 632,1188 662,1188 692,1186 722,1188 752,1188 782,1186 812,1186 842,1186 872,1186 902,1186 932,1186 962,1186 992,1188 1022,1186 1052,1186 1082,1184 1112,1186 1142,1186 1172,1186 1202,1186 1232,1186 1262,1188 1292,1188 1322,1186 1352,1186 1382,1186 1412,1186 1442,1186 1472,1188 1494,1188"
                         HEIGHT="74"
                         WIDTH="1226"
                         VPOS="1127"
                         HPOS="264">
                  <String ID="string_TextRegion_1675697129730_78431_tl_1"
                          HEIGHT="74"
                          WIDTH="1226"
                          VPOS="1127"
                          HPOS="264"
                          CONTENT="Bally's Shoe Factories Ltd. (manufacturers of elastic webbings), Schönenwerd."/>
               </TextLine>
            </TextBlock>
            <TextBlock ID="TextRegion_1675697128935_78427"
                       HEIGHT="106"
                       WIDTH="1375"
                       VPOS="1203"
                       HPOS="177"
                       LANG="">
               <Shape>
                  <Polygon POINTS="177,1203 1552,1203 1552,1309 177,1309"/>
               </Shape>
               <TextLine ID="TextRegion_1675697128935_78427_tl_1"
                         BASELINE="268,1226 298,1228 328,1228 358,1228 388,1228 418,1228 448,1228 478,1228 508,1228 538,1228 568,1228 598,1226 628,1228 658,1226 688,1228 718,1228 748,1226 778,1228 808,1226 838,1226 868,1226 898,1226 928,1226 958,1226 988,1226 1018,1226 1048,1226 1078,1226 1108,1226 1138,1226 1168,1226 1198,1226 1228,1228 1258,1228 1288,1226 1318,1226 1348,1226 1378,1226 1408,1226 1438,1226 1468,1228 1492,1228"
                         HEIGHT="43"
                         WIDTH="1229"
                         VPOS="1198"
                         HPOS="259">
                  <String ID="string_TextRegion_1675697128935_78427_tl_1"
                          HEIGHT="43"
                          WIDTH="1229"
                          VPOS="1198"
                          HPOS="259"
                          CONTENT="Elastic Manufacturing Co. Ltd. (manufacturers of elastic cords, braids, webs for"/>
               </TextLine>
               <TextLine ID="TextRegion_1675697128935_78427_tl_2"
                         BASELINE="268,1258 298,1258 328,1260 358,1260 388,1260 418,1260 448,1260 478,1258 508,1258 538,1260 568,1258 598,1258 628,1258 658,1258 688,1258 718,1258 748,1258 778,1258 808,1256 838,1258 868,1258 898,1258 928,1260 958,1258 988,1258 1018,1258 1048,1258 1078,1260 1108,1258 1138,1260 1168,1258 1198,1258 1228,1258 1258,1258 1288,1258 1318,1258 1348,1258 1378,1258 1408,1258 1438,1258 1468,1260 1494,1258"
                         HEIGHT="51"
                         WIDTH="1231"
                         VPOS="1233"
                         HPOS="259">
                  <String ID="string_TextRegion_1675697128935_78427_tl_2"
                          HEIGHT="51"
                          WIDTH="1231"
                          VPOS="1233"
                          HPOS="259"
                          CONTENT="corset, underwear, braces and belts; elastic for the haberdashery trade and"/>
               </TextLine>
               <TextLine ID="TextRegion_1675697128935_78427_tl_3"
                         BASELINE="272,1290 302,1292 332,1292 362,1292 392,1292 422,1294 452,1294 482,1292 512,1292 542,1292 572,1292 602,1292 632,1290 662,1290 692,1290 722,1290 752,1290 782,1292 812,1290 842,1290 872,1290 898,1292"
                         HEIGHT="38"
                         WIDTH="631"
                         VPOS="1266"
                         HPOS="264">
                  <String ID="string_TextRegion_1675697128935_78427_tl_3"
                          HEIGHT="38"
                          WIDTH="631"
                          VPOS="1266"
                          HPOS="264"
                          CONTENT="elastic yarns), 248, Elsässerstrasse, Basle."/>
               </TextLine>
            </TextBlock>
            <TextBlock ID="TextRegion_1675697127281_78423"
                       HEIGHT="65"
                       WIDTH="1375"
                       VPOS="1309"
                       HPOS="177"
                       LANG="">
               <Shape>
                  <Polygon POINTS="177,1309 1552,1309 1552,1374 177,1374"/>
               </Shape>
               <TextLine ID="TextRegion_1675697127281_78423_tl_1"
                         BASELINE="212,1356 242,1356 272,1356 302,1358 332,1358 362,1358 392,1358 422,1358 452,1358 482,1358 512,1358 542,1358 572,1358 602,1358 632,1358 662,1358 692,1358 722,1358 752,1358 782,1358 812,1356 842,1358 872,1356 902,1356 932,1356 962,1356 992,1356 1022,1356 1052,1356 1082,1358 1112,1356 1142,1356 1172,1356 1202,1356 1232,1356 1262,1356 1282,1356"
                         HEIGHT="68"
                         WIDTH="1074"
                         VPOS="1303"
                         HPOS="204">
                  <String ID="string_TextRegion_1675697127281_78423_tl_1"
                          HEIGHT="68"
                          WIDTH="1074"
                          VPOS="1303"
                          HPOS="204"
                          CONTENT="Electrical Machinery, Apparatus, Equipment and Accessories"/>
               </TextLine>
            </TextBlock>
            <TextBlock ID="TextRegion_1675697126638_78419"
                       HEIGHT="73"
                       WIDTH="1375"
                       VPOS="1374"
                       HPOS="177"
                       LANG="">
               <Shape>
                  <Polygon POINTS="177,1374 1552,1374 1552,1447 177,1447"/>
               </Shape>
               <TextLine ID="TextRegion_1675697126638_78419_tl_1"
                         BASELINE="268,1398 298,1400 328,1400 358,1400 388,1400 418,1398 448,1398 478,1398 508,1400 538,1398 568,1400 598,1398 628,1398 658,1398 688,1398 718,1400 748,1400 778,1398 808,1400 838,1400 868,1400 898,1400 928,1400 958,1400 988,1400 1018,1398 1048,1400 1078,1400 1108,1400 1138,1400 1168,1400 1198,1400 1228,1398 1258,1400 1288,1400 1318,1402 1348,1400 1378,1400 1408,1400 1438,1400 1468,1402 1496,1404"
                         HEIGHT="64"
                         WIDTH="1234"
                         VPOS="1349"
                         HPOS="259">
                  <String ID="string_TextRegion_1675697126638_78419_tl_1"
                          HEIGHT="64"
                          WIDTH="1234"
                          VPOS="1349"
                          HPOS="259"
                          CONTENT="Ateliers de Construction Oerlikon (manufacturers of machinery and apparatus)."/>
               </TextLine>
               <TextLine ID="TextRegion_1675697126638_78419_tl_2"
                         BASELINE="266,1430 296,1432 326,1434 356,1434 386,1434 416,1432 446,1432 476,1432 506,1432 536,1432 566,1430 596,1432 626,1432 656,1430 686,1430 716,1432 734,1432"
                         HEIGHT="42"
                         WIDTH="472"
                         VPOS="1406"
                         HPOS="258">
                  <String ID="string_TextRegion_1675697126638_78419_tl_2"
                          HEIGHT="42"
                          WIDTH="472"
                          VPOS="1406"
                          HPOS="258"
                          CONTENT="52, Affolternstrasse, Zurich 50."/>
               </TextLine>
            </TextBlock>
            <TextBlock ID="TextRegion_1675697125217_78415"
                       HEIGHT="72"
                       WIDTH="1375"
                       VPOS="1447"
                       HPOS="177"
                       LANG="">
               <Shape>
                  <Polygon POINTS="177,1447 1552,1447 1552,1519 177,1519"/>
               </Shape>
               <TextLine ID="TextRegion_1675697125217_78415_tl_1"
                         BASELINE="268,1470 298,1472 328,1472 358,1472 388,1470 418,1472 448,1470 478,1470 508,1470 538,1472 568,1470 598,1472 628,1472 658,1472 688,1472 718,1470 748,1472 778,1472 808,1470 838,1472 868,1472 898,1472 928,1472 958,1472 988,1472 1018,1472 1048,1472 1078,1472 1108,1472 1138,1472 1168,1472 1198,1472 1228,1472 1258,1472 1288,1472 1318,1472 1348,1472 1378,1472 1408,1472 1438,1472 1468,1474 1496,1476"
                         HEIGHT="94"
                         WIDTH="1234"
                         VPOS="1413"
                         HPOS="259">
                  <String ID="string_TextRegion_1675697125217_78415_tl_1"
                          HEIGHT="94"
                          WIDTH="1234"
                          VPOS="1413"
                          HPOS="259"
                          CONTENT="Camille Bauer Ltd. (manufacturers and dealers in equipment and accessories)."/>
               </TextLine>
               <TextLine ID="TextRegion_1675697125217_78415_tl_2"
                         BASELINE="270,1504 300,1504 330,1506 360,1506 390,1506 420,1504 450,1504 480,1504 510,1504 540,1504 570,1502 600,1500 630,1502 660,1504 690,1504 694,1504"
                         HEIGHT="50"
                         WIDTH="431"
                         VPOS="1477"
                         HPOS="261">
                  <String ID="string_TextRegion_1675697125217_78415_tl_2"
                          HEIGHT="50"
                          WIDTH="431"
                          VPOS="1477"
                          HPOS="261"
                          CONTENT="18. Dornacherstrasse, Basle"/>
               </TextLine>
            </TextBlock>
            <TextBlock ID="TextRegion_1675697123232_78411"
                       HEIGHT="43"
                       WIDTH="1375"
                       VPOS="1519"
                       HPOS="177"
                       LANG="">
               <Shape>
                  <Polygon POINTS="177,1519 1552,1519 1552,1562 177,1562"/>
               </Shape>
               <TextLine ID="TextRegion_1675697123232_78411_tl_1"
                         BASELINE="270,1540 300,1544 330,1544 360,1544 390,1546 420,1544 450,1544 480,1544 510,1544 540,1544 570,1542 600,1544 630,1544 660,1542 690,1544 720,1544 750,1544 780,1542 810,1542 840,1544 870,1544 900,1542 930,1542 960,1544 990,1544 1020,1544 1050,1544 1080,1544 1110,1542 1140,1544 1170,1544 1200,1544 1230,1544 1260,1544 1290,1544 1320,1544 1350,1544 1380,1544 1410,1544 1440,1544 1470,1544 1496,1544"
                         HEIGHT="67"
                         WIDTH="1233"
                         VPOS="1497"
                         HPOS="261">
                  <String ID="string_TextRegion_1675697123232_78411_tl_1"
                          HEIGHT="67"
                          WIDTH="1233"
                          VPOS="1497"
                          HPOS="261"
                          CONTENT="Brown, Boveri &amp; Co. Ltd. (manufacturers of machinery and equipment), Baden."/>
               </TextLine>
            </TextBlock>
            <TextBlock ID="TextRegion_1675697122061_78407"
                       HEIGHT="34"
                       WIDTH="1375"
                       VPOS="1562"
                       HPOS="177"
                       LANG="">
               <Shape>
                  <Polygon POINTS="177,1562 1552,1562 1552,1596 177,1596"/>
               </Shape>
               <TextLine ID="TextRegion_1675697122061_78407_tl_1"
                         BASELINE="268,1582 298,1584 328,1584 358,1586 388,1584 418,1584 448,1584 478,1584 508,1586 538,1586 568,1584 598,1584 628,1584 658,1584 688,1584 718,1584 748,1584 778,1584 808,1584 838,1584 868,1584 898,1584 928,1584 958,1584 988,1584 1018,1584 1048,1584 1078,1584 1108,1584 1138,1584 1168,1584 1198,1584 1228,1584 1258,1584 1288,1584 1318,1584 1348,1584 1378,1584 1408,1584 1438,1584 1468,1584 1498,1586 1500,1586"
                         HEIGHT="48"
                         WIDTH="1237"
                         VPOS="1551"
                         HPOS="259">
                  <String ID="string_TextRegion_1675697122061_78407_tl_1"
                          HEIGHT="48"
                          WIDTH="1237"
                          VPOS="1551"
                          HPOS="259"
                          CONTENT="R. &amp; E. Huber Ltd. (manufacturers of electric wires and cables), Pfäffikon-Zurich."/>
               </TextLine>
            </TextBlock>
            <TextBlock ID="TextRegion_1675697121161_78403"
                       HEIGHT="72"
                       WIDTH="1375"
                       VPOS="1596"
                       HPOS="177"
                       LANG="">
               <Shape>
                  <Polygon POINTS="177,1596 1552,1596 1552,1668 177,1668"/>
               </Shape>
               <TextLine ID="TextRegion_1675697121161_78403_tl_1"
                         BASELINE="272,1620 302,1624 332,1624 362,1624 392,1626 422,1624 452,1624 482,1624 512,1624 542,1624 572,1624 602,1622 632,1624 662,1622 692,1624 722,1624 752,1624 782,1624 812,1626 842,1624 872,1624 902,1624 932,1624 962,1624 992,1624 1022,1624 1052,1624 1082,1626 1112,1626 1142,1624 1172,1624 1202,1624 1232,1624 1262,1624 1292,1624 1322,1624 1352,1626 1382,1624 1412,1624 1442,1624 1472,1624 1494,1622"
                         HEIGHT="43"
                         WIDTH="1226"
                         VPOS="1590"
                         HPOS="264">
                  <String ID="string_TextRegion_1675697121161_78403_tl_1"
                          HEIGHT="43"
                          WIDTH="1226"
                          VPOS="1590"
                          HPOS="264"
                          CONTENT="Willy Egli &amp; Co. (devices and tools for linesmen), Claridenhofe, 6, Gotthard¬"/>
               </TextLine>
               <TextLine ID="TextRegion_1675697121161_78403_tl_2"
                         BASELINE="268,1654 298,1656 328,1656 358,1654 388,1656 418,1658 448,1656 478,1656 508,1656 538,1656 540,1656"
                         HEIGHT="45"
                         WIDTH="277"
                         VPOS="1630"
                         HPOS="259">
                  <String ID="string_TextRegion_1675697121161_78403_tl_2"
                          HEIGHT="45"
                          WIDTH="277"
                          VPOS="1630"
                          HPOS="259"
                          CONTENT="strasse, Zurich 2."/>
               </TextLine>
            </TextBlock>
            <TextBlock ID="TextRegion_1675697119483_78399"
                       HEIGHT="75"
                       WIDTH="1375"
                       VPOS="1668"
                       HPOS="177"
                       LANG="">
               <Shape>
                  <Polygon POINTS="177,1668 1552,1668 1552,1743 177,1743"/>
               </Shape>
               <TextLine ID="TextRegion_1675697119483_78399_tl_1"
                         BASELINE="270,1694 300,1696 330,1696 360,1694 390,1694 420,1694 450,1696 480,1694 510,1696 540,1696 570,1696 600,1696 630,1696 660,1696 690,1696 720,1696 750,1696 780,1696 810,1696 840,1696 870,1696 900,1696 930,1696 960,1696 990,1696 1020,1696 1050,1696 1080,1696 1110,1696 1140,1698 1170,1698 1200,1698 1230,1698 1260,1696 1290,1696 1320,1696 1350,1698 1380,1698 1410,1698 1440,1696 1470,1696 1498,1698"
                         HEIGHT="75"
                         WIDTH="1233"
                         VPOS="1639"
                         HPOS="261">
                  <String ID="string_TextRegion_1675697119483_78399_tl_1"
                          HEIGHT="75"
                          WIDTH="1233"
                          VPOS="1639"
                          HPOS="261"
                          CONTENT="Golay-Buchel &amp; Co. Ltd. (manufacturers and dealers in apparatus), 5, rue du"/>
               </TextLine>
               <TextLine ID="TextRegion_1675697119483_78399_tl_2"
                         BASELINE="272,1728 302,1728 332,1730 362,1728 392,1728 422,1728 452,1728 482,1728 512,1728 542,1726 572,1728 602,1728 606,1728"
                         HEIGHT="46"
                         WIDTH="340"
                         VPOS="1703"
                         HPOS="262">
                  <String ID="string_TextRegion_1675697119483_78399_tl_2"
                          HEIGHT="46"
                          WIDTH="340"
                          VPOS="1703"
                          HPOS="262"
                          CONTENT="Grand-Pré, Lausanne."/>
               </TextLine>
            </TextBlock>
            <TextBlock ID="TextRegion_1675697118253_78395"
                       HEIGHT="73"
                       WIDTH="1375"
                       VPOS="1743"
                       HPOS="177"
                       LANG="">
               <Shape>
                  <Polygon POINTS="177,1743 1552,1743 1552,1816 177,1816"/>
               </Shape>
               <TextLine ID="TextRegion_1675697118253_78395_tl_1"
                         BASELINE="272,1762 300,1768 330,1768 360,1768 390,1766 420,1768 450,1766 480,1764 510,1764 540,1766 570,1766 600,1766 630,1768 660,1768 690,1768 720,1768 750,1768 780,1768 810,1768 840,1768 870,1766 900,1768 930,1768 960,1768 990,1768 1020,1768 1050,1766 1080,1768 1110,1768 1140,1768 1170,1768 1200,1768 1230,1766 1260,1768 1290,1768 1320,1768 1350,1768 1380,1768 1410,1768 1440,1768 1470,1770 1496,1770"
                         HEIGHT="62"
                         WIDTH="1229"
                         VPOS="1718"
                         HPOS="264">
                  <String ID="string_TextRegion_1675697118253_78395_tl_1"
                          HEIGHT="62"
                          WIDTH="1229"
                          VPOS="1718"
                          HPOS="264"
                          CONTENT="Iffland Frères (electric motors; also agents for HARBILT electric trucks)."/>
               </TextLine>
               <TextLine ID="TextRegion_1675697118253_78395_tl_2"
                         BASELINE="272,1798 302,1800 332,1800 362,1800 392,1800 422,1800 452,1798 482,1800 512,1800 542,1800 572,1800 602,1798 632,1798 662,1798 688,1800"
                         HEIGHT="53"
                         WIDTH="420"
                         VPOS="1769"
                         HPOS="264">
                  <String ID="string_TextRegion_1675697118253_78395_tl_2"
                          HEIGHT="53"
                          WIDTH="420"
                          VPOS="1769"
                          HPOS="264"
                          CONTENT="8, rue J.-J.-Cart, Lausanne."/>
               </TextLine>
            </TextBlock>
            <TextBlock ID="TextRegion_1675697117308_78391"
                       HEIGHT="69"
                       WIDTH="1375"
                       VPOS="1816"
                       HPOS="177"
                       LANG="">
               <Shape>
                  <Polygon POINTS="177,1816 1552,1816 1552,1885 177,1885"/>
               </Shape>
               <TextLine ID="TextRegion_1675697117308_78391_tl_1"
                         BASELINE="274,1838 304,1840 334,1840 364,1840 394,1838 424,1840 454,1840 484,1840 514,1840 544,1840 574,1840 604,1840 634,1840 664,1840 694,1840 724,1838 754,1838 784,1838 814,1840 844,1838 874,1838 904,1838 934,1838 964,1840 994,1840 1024,1840 1054,1838 1084,1840 1114,1840 1144,1840 1174,1840 1204,1840 1234,1838 1264,1838 1294,1838 1324,1838 1354,1838 1384,1840 1414,1840 1444,1840 1474,1840 1498,1840"
                         HEIGHT="79"
                         WIDTH="1228"
                         VPOS="1780"
                         HPOS="266">
                  <String ID="string_TextRegion_1675697117308_78391_tl_1"
                          HEIGHT="79"
                          WIDTH="1228"
                          VPOS="1780"
                          HPOS="266"
                          CONTENT="Landis &amp; Gyr. Ltd. (manufacturers of meters and recording demand meters)."/>
               </TextLine>
               <TextLine ID="TextRegion_1675697117308_78391_tl_2"
                         BASELINE="272,1868 302,1872 332,1872 342,1870"
                         HEIGHT="41"
                         WIDTH="78"
                         VPOS="1845"
                         HPOS="262">
                  <String ID="string_TextRegion_1675697117308_78391_tl_2"
                          HEIGHT="41"
                          WIDTH="78"
                          VPOS="1845"
                          HPOS="262"
                          CONTENT="Zug."/>
               </TextLine>
            </TextBlock>
            <TextBlock ID="TextRegion_1675697116618_78387"
                       HEIGHT="70"
                       WIDTH="1375"
                       VPOS="1885"
                       HPOS="177"
                       LANG="">
               <Shape>
                  <Polygon POINTS="177,1885 1552,1885 1552,1955 177,1955"/>
               </Shape>
               <TextLine ID="TextRegion_1675697116618_78387_tl_1"
                         BASELINE="276,1908 306,1910 336,1910 366,1910 396,1910 426,1910 456,1912 486,1910 516,1910 546,1910 576,1910 606,1910 636,1910 666,1910 696,1912 726,1912 756,1910 786,1910 816,1910 846,1910 876,1910 906,1910 936,1910 966,1910 996,1910 1026,1910 1056,1910 1086,1912 1116,1910 1146,1912 1176,1912 1206,1910 1236,1910 1266,1912 1296,1912 1326,1912 1356,1912 1386,1910 1416,1912 1446,1912 1476,1910 1494,1910"
                         HEIGHT="65"
                         WIDTH="1223"
                         VPOS="1859"
                         HPOS="267">
                  <String ID="string_TextRegion_1675697116618_78387_tl_1"
                          HEIGHT="65"
                          WIDTH="1223"
                          VPOS="1859"
                          HPOS="267"
                          CONTENT="Matera Ltd. (agents for apparatus, equipment and accessories), 37, Leonhard¬"/>
               </TextLine>
               <TextLine ID="TextRegion_1675697116618_78387_tl_2"
                         BASELINE="270,1938 300,1942 330,1942 360,1940 390,1940 420,1942 450,1942 480,1942 488,1944"
                         HEIGHT="45"
                         WIDTH="224"
                         VPOS="1916"
                         HPOS="261">
                  <String ID="string_TextRegion_1675697116618_78387_tl_2"
                          HEIGHT="45"
                          WIDTH="224"
                          VPOS="1916"
                          HPOS="261"
                          CONTENT="strasse, Basle."/>
               </TextLine>
            </TextBlock>
            <TextBlock ID="TextRegion_1675697115358_78383"
                       HEIGHT="72"
                       WIDTH="1375"
                       VPOS="1955"
                       HPOS="177"
                       LANG="">
               <Shape>
                  <Polygon POINTS="177,1955 1552,1955 1552,2027 177,2027"/>
               </Shape>
               <TextLine ID="TextRegion_1675697115358_78383_tl_1"
                         BASELINE="274,1982 304,1982 334,1982 364,1982 394,1982 424,1982 454,1982 484,1982 514,1982 544,1982 574,1982 604,1982 634,1982 664,1982 694,1982 724,1982 754,1982 784,1982 814,1982 844,1982 874,1982 904,1982 934,1982 964,1982 994,1982 1024,1982 1054,1980 1084,1982 1114,1982 1144,1982 1174,1982 1204,1982 1234,1984 1264,1984 1294,1984 1324,1984 1354,1984 1384,1982 1414,1982 1444,1982 1474,1984 1500,1984"
                         HEIGHT="79"
                         WIDTH="1230"
                         VPOS="1922"
                         HPOS="266">
                  <String ID="string_TextRegion_1675697115358_78383_tl_1"
                          HEIGHT="79"
                          WIDTH="1230"
                          VPOS="1922"
                          HPOS="266"
                          CONTENT="L. Pamblanc &amp; Co. (dealers in equipment and accessories), 10, rue Haldimand,"/>
               </TextLine>
               <TextLine ID="TextRegion_1675697115358_78383_tl_2"
                         BASELINE="272,2012 302,2014 332,2014 362,2014 392,2014 422,2014 426,2012"
                         HEIGHT="40"
                         WIDTH="157"
                         VPOS="1990"
                         HPOS="264">
                  <String ID="string_TextRegion_1675697115358_78383_tl_2"
                          HEIGHT="40"
                          WIDTH="157"
                          VPOS="1990"
                          HPOS="264"
                          CONTENT="Lausanne."/>
               </TextLine>
            </TextBlock>
            <TextBlock ID="TextRegion_1675697114323_78379"
                       HEIGHT="74"
                       WIDTH="1375"
                       VPOS="2027"
                       HPOS="177"
                       LANG="">
               <Shape>
                  <Polygon POINTS="177,2027 1552,2027 1552,2101 177,2101"/>
               </Shape>
               <TextLine ID="TextRegion_1675697114323_78379_tl_1"
                         BASELINE="268,2050 298,2052 328,2052 358,2054 388,2054 418,2054 448,2054 478,2054 508,2054 538,2054 568,2054 598,2054 628,2052 658,2052 688,2054 718,2052 748,2052 778,2054 808,2054 838,2054 868,2050 898,2054 928,2054 958,2054 988,2054 1018,2054 1048,2054 1078,2054 1108,2054 1138,2054 1168,2054 1198,2056 1228,2056 1258,2056 1288,2056 1318,2056 1348,2054 1378,2054 1408,2054 1438,2054 1468,2054 1496,2056"
                         HEIGHT="63"
                         WIDTH="1235"
                         VPOS="2004"
                         HPOS="258">
                  <String ID="string_TextRegion_1675697114323_78379_tl_1"
                          HEIGHT="63"
                          WIDTH="1235"
                          VPOS="2004"
                          HPOS="258"
                          CONTENT="Pierce Chronograph &amp; Watch Factories Ltd. (manufacturers of parts for elec¬"/>
               </TextLine>
               <TextLine ID="TextRegion_1675697114323_78379_tl_2"
                         BASELINE="272,2084 302,2086 332,2086 362,2086 392,2088 422,2088 452,2086 482,2086 512,2086 542,2086 572,2086 602,2084 632,2086 662,2084 692,2084 722,2084 752,2086 782,2086 812,2086 842,2086 872,2086 902,2086 932,2086 962,2086 992,2086 1018,2084"
                         HEIGHT="42"
                         WIDTH="750"
                         VPOS="2058"
                         HPOS="264">
                  <String ID="string_TextRegion_1675697114323_78379_tl_2"
                          HEIGHT="42"
                          WIDTH="750"
                          VPOS="2058"
                          HPOS="264"
                          CONTENT="trical apparatus), 103, faubourg du Lac, Bienne."/>
               </TextLine>
            </TextBlock>
            <TextBlock ID="TextRegion_1675697113438_78375"
                       HEIGHT="68"
                       WIDTH="1375"
                       VPOS="2101"
                       HPOS="177"
                       LANG="">
               <Shape>
                  <Polygon POINTS="177,2101 1552,2101 1552,2169 177,2169"/>
               </Shape>
               <TextLine ID="TextRegion_1675697113438_78375_tl_1"
                         BASELINE="274,2124 304,2124 334,2126 364,2126 394,2126 424,2126 454,2126 484,2126 514,2124 544,2126 574,2126 604,2126 634,2126 664,2124 694,2126 724,2126 754,2126 784,2126 814,2126 844,2126 874,2126 904,2126 934,2126 964,2126 994,2128 1024,2128 1054,2128 1084,2128 1114,2126 1144,2126 1174,2126 1204,2126 1234,2126 1264,2128 1294,2126 1324,2128 1354,2126 1384,2128 1414,2128 1444,2128 1474,2128 1498,2128"
                         HEIGHT="56"
                         WIDTH="1228"
                         VPOS="2081"
                         HPOS="266">
                  <String ID="string_TextRegion_1675697113438_78375_tl_1"
                          HEIGHT="56"
                          WIDTH="1228"
                          VPOS="2081"
                          HPOS="266"
                          CONTENT="Fr. Sauter Ltd. (manufacturers of machinery and apparatus), 55, Im Surinam,"/>
               </TextLine>
               <TextLine ID="TextRegion_1675697113438_78375_tl_2"
                         BASELINE="274,2156 304,2156 334,2158 364,2158 366,2156"
                         HEIGHT="42"
                         WIDTH="95"
                         VPOS="2130"
                         HPOS="266">
                  <String ID="string_TextRegion_1675697113438_78375_tl_2"
                          HEIGHT="42"
                          WIDTH="95"
                          VPOS="2130"
                          HPOS="266"
                          CONTENT="Basle."/>
               </TextLine>
            </TextBlock>
            <TextBlock ID="TextRegion_1675697112012_78371"
                       HEIGHT="74"
                       WIDTH="1375"
                       VPOS="2169"
                       HPOS="177"
                       LANG="">
               <Shape>
                  <Polygon POINTS="177,2169 1552,2169 1552,2243 177,2243"/>
               </Shape>
               <TextLine ID="TextRegion_1675697112012_78371_tl_1"
                         BASELINE="270,2190 300,2194 330,2196 360,2196 390,2196 420,2194 450,2198 480,2198 510,2198 540,2198 570,2198 600,2198 630,2196 660,2198 690,2198 720,2198 750,2198 780,2198 810,2198 840,2198 870,2198 900,2198 930,2196 960,2198 990,2198 1020,2198 1050,2198 1080,2200 1110,2198 1140,2198 1170,2200 1200,2200 1230,2198 1260,2198 1290,2198 1320,2198 1350,2198 1380,2198 1410,2198 1440,2198 1470,2200 1500,2200 1502,2200"
                         HEIGHT="65"
                         WIDTH="1236"
                         VPOS="2147"
                         HPOS="261">
                  <String ID="string_TextRegion_1675697112012_78371_tl_1"
                          HEIGHT="65"
                          WIDTH="1236"
                          VPOS="2147"
                          HPOS="261"
                          CONTENT="Schindler &amp; Co. Ltd. (manufacturers of electric motors), 3. Sentimattstrasse,"/>
               </TextLine>
               <TextLine ID="TextRegion_1675697112012_78371_tl_2"
                         BASELINE="272,2226 302,2228 332,2228 362,2228 392,2230 410,2228"
                         HEIGHT="44"
                         WIDTH="144"
                         VPOS="2201"
                         HPOS="262">
                  <String ID="string_TextRegion_1675697112012_78371_tl_2"
                          HEIGHT="44"
                          WIDTH="144"
                          VPOS="2201"
                          HPOS="262"
                          CONTENT="Lucerne."/>
               </TextLine>
            </TextBlock>
            <TextBlock ID="TextRegion_1675697111207_78367"
                       HEIGHT="63"
                       WIDTH="1375"
                       VPOS="2243"
                       HPOS="177"
                       LANG="">
               <Shape>
                  <Polygon POINTS="177,2243 1552,2243 1552,2306 177,2306"/>
               </Shape>
               <TextLine ID="TextRegion_1675697111207_78367_tl_1"
                         BASELINE="268,2266 298,2268 328,2268 358,2270 388,2268 418,2268 448,2268 478,2270 508,2268 538,2268 568,2268 598,2268 628,2268 658,2268 688,2268 718,2268 748,2268 778,2270 808,2268 838,2270 868,2270 898,2270 928,2270 958,2270 988,2268 1018,2270 1048,2270 1078,2270 1108,2270 1138,2270 1164,2272"
                         HEIGHT="91"
                         WIDTH="902"
                         VPOS="2215"
                         HPOS="259">
                  <String ID="string_TextRegion_1675697111207_78367_tl_1"
                          HEIGHT="91"
                          WIDTH="902"
                          VPOS="2215"
                          HPOS="259"
                          CONTENT="Schmid-Matthey (dealer in insulators), Herrliberg-Zurich."/>
               </TextLine>
            </TextBlock>
         </PrintSpace>
      </Page>
   </Layout>
</alto>
