1799 2586
301 191 147 75 Poplins

358 225 821 78 Jacob Baenziger Ltd., 32, Oberer Graben, St. Gallen.

361 266 1241 74 Dreyfus-Hauser & Co. (manufacturers agent), 14, Gerechtigkeitsgasse, Zurich 2.

367 329 741 51 Walter Fierz & Co., 12, Freigutstrasse, Zurich 2.

360 360 855 60 Christian Fischbacher Co., 6, Vadianstrasse, St. Gallen,

363 403 1023 63 Schlegel & Co., Nachfolge Textilwerke A.G., 18, Malzgasse, Basle.

361 457 755 43 Stoffel & Co., 20/22, Rosenbergstrasse, St. Gallen.

366 497 619 51 Taco Ltd., 2, Werdmühleplatz, Zürich 1.

306 534 492 65 Precision Screws and Parts

360 574 1235 85 Hermann Flury (manufacturer of small drills and taps for watchmakers and

360 636 1153 40 small screws and turned parts of high accuracy), Feldbrunnen, Solothurn,

361 672 1123 50 Langendorf Watch Co. Ltd. (manufacturers of turned parts), Langendorf

361 707 187 45 (Solothurn).

360 722 758 65 Motosacoche Lid., 56, route des Acacias, Geneva.

360 772 1125 60 Reuge & Co. (manufacturers of pinions and precision screws). Ste-Croix.

360 815 1233 54 Schacher Brothers Ltd. (manufacturers of turned parts in all metals, wheels,

364 863 1231 54 worms and spindles for apparatus, winding stems and crowns for watches), 78.

361 892 465 40 Solothurnerstrasse, Grenchen.

360 908 1230 80 Sphinxworks Müller & Co. Ltd. (also drills and taps), 25, Werkhofstrasse, Solothurn.

309 977 282 71 Precious Stones

358 1042 1232 63 Matera Ltd. (exporters of rough synthetic precious stones), 37, Leonhardstrasse,

360 1078 94 44 Basle.

360 1091 1236 79 Ravimex Ltd. (rough and cut synthetic precious stones for the watchmaking in¬

360 1152 1110 40 dustry and for jewellers, marcasites), 19, rue de la Croix-d'Or, Geneva.

361 1189 950 55 Carl Schärer (cultured pearis), 102, Bahnhofstrasse, Zürich 1.
