1799 2594
310 196 761 63 Insurance Companies, Agents and Brokers

364 248 1234 63 Accident and Casualty Insurance Company of Winterthur, Switzerland (accident,

370 299 1103 39 liability, collision, burglary, fidelity and surely insurance), Winterthur.

364 336 1236 55 Baloise Marine Insurance Co. Ltd. (marine and re-insurance in all branches

370 376 638 48 except life), 51, Elisabethenstrasse, Basle.

367 390 1231 77 Banque Galland & Cie. S.A. (all kinds of insurance), 8, avenue du Théâtre,

371 453 153 51 Lausanne.

371 467 1221 63 Himmelspach & Wirz (General managers for Switzerland of the Standard Marine

367 529 1231 35 Insurance Co. Ltd., Liverpool), (marine and transport insurance of all kinds).

370 561 854 39 29. Fraumünsterstrasse, Zürich 1. Also Lloyd's Brokers.

370 596 1228 53 Interbroke Ltd. (Lloyd's Brokers), Luxor House, 36, Claridenstrasse, Zurich 2.

367 641 1231 49 Matthews, Wrightson & Co. Ltd. (agents and brokers), 45, Monbijoustrasse,

373 681 103 48 Berne.

367 694 738 84 von May & Co. (agents), 74, Kramgasse, Berne.

370 746 1228 63 The Northern Assurance Co. Ltd. (fire, loss of profits, theft, personal accident,

373 801 1225 36 public liability, comprehensive household and motor, plate glass, water damage,

367 834 1231 38 fidelity guarantee jewellery, furs and other valuables and all risks insurance).

367 865 431 35 1, Moorgate, London E.C. 2.

371 900 819 51 E. Oberhänsli & Co. (agents), 15, Talstrasse, Zürich 1.

373 923 1225 73 Dr. Franz Reichenbach, 9, Nüschelerstrasse, Zürich 1. General Attorney (Man¬

370 983 892 42 dataire Général) in Switzerland of Lloyd's Underwriters.

367 1017 1005 54 Dr. Th. Simon (agent and broker), 68, Oberer Batterieweg, Basle.

367 1063 1236 62 Switzerland, General Insurance Co. Ltd. (all kinds of insurance including

367 1105 946 34 marine, fire and re-insurance), 43, Gotthardstrasse, Zurich 2.

367 1127 1236 74 Zurich General Accident and Liability Insurance Co. Ltd. (all kinds of accident

367 1184 572 55 Insurance), 2, Mythenquai, Zurich 2.
