1843 2586
404 356 885 168 SWISS BANK

374 522 926 121 CORPORATIO

454 651 812 87 SCHWEIZERISCHER BANKVEREIN

497 723 717 64 SOCIÉTÉ DE BANQUE SUISSE

493 773 730 82 SOCIETA DI BANCA SVITZERA

600 856 503 93 Basle, Zurich, Geneva, St. Gall

341 928 1030 67 Lausanne, La Chaux-de-Fonds, Neuchatel, Schaffhouse, Bienne

499 994 709 63 Chiasso, Herisau, Le Locle, Nyon, Zofingue

565 1041 580 58 Aigle, Bischofszell, Morges, Rorschach

791 1134 135 66 London

571 1173 564 63 City Office: 99, Gresham Street, E. C. 2

521 1221 655 78 West End Branch: 11, Regent Street, S. W.

752 1286 208 68 New York 5

721 1334 264 83 15, Nassau Street

485 1443 731 95 Capital and reserves Swiss Fr. 209000 000.—

773 1651 163 109 8

807 1752 95 59 1872

366 1827 978 65 The Swiss Bank Corporation, well alive to the importance

371 1894 974 44 of business intercourse between Switzerland and all other

368 1938 971 53 countries, offers an up-to-date banking service and will

367 1987 976 63 be glad to furnish information on financial and kindred

607 2036 493 82 matters. Inquiries are invited.
