1821 2583
194 200 1297 69 The following additions and amendments have been

486 261 708 76 advised since going to press

197 437 261 78 New Members

247 500 1238 65 Albiswerk Zurich A.G., 245, Albisriederstrasse, Zurich 47 (manufacturers of all

250 560 1235 40 kinds of telephone equipment, alarm systems, wireless receiving sets, street

253 586 410 43 traffic signalling systems).

249 615 1232 53 André & Cie. S.A., 12, avenue des Toises, Lausanne (importers and exporters; im¬

250 665 1235 42 porters of cereals and grain fodder, raw and semi-processed agricultural products,

250 697 717 47 oils and fats; exporters of machines and tools)

250 707 1157 68 Anra S. à r. l., 100, Grand'Rue, Montreux (general importers and exporters).

247 758 1234 52 John Baker & Bessemer Ltd., Brinsworth Iron & Wheel Works, Rotherham (manu¬

250 807 1233 35 facturers of tyres, axles and wheels for all classes of railway rolling stock and for

253 842 1225 41 tramways, solid rolled disc wheels and disc wheel centres, turbine disc and gea¬

257 870 248 48 wheel forgings).

252 886 1197 64 Bluefries Basle Ltd., 104, Voltastrasse, Basle (international forwarding agents).

250 939 1235 57 Siegfried Bollag & Co., 9. Schindlerstrasse, Zurich 6 (importers of British goods.

253 980 1112 38 particularly textiles: resident buyers of Swiss goods for foreign account).

252 997 1233 62 Carl Bossard, Eisenhandlung, Inhaber C. & W. Bossard, Zug (dealers in hardware,

250 1051 784 42 Ironmongery, tron, sanitary installations and tools)

252 1075 1233 64 Brutsch, Rüegger & Co., 53. Löwenstrasse, Zürich 1 (steel, steel tubing, non ferrous

250 1125 316 42 metals merchants)).

250 1143 741 62 H. Büchi, 4, Waisenhausstrasse, Zürich 1 (agent).

252 1176 1229 60 Commercial Corporation S.A., 92, rue du Rhône, Geneva (distributors for Switzer¬

250 1238 1235 47 land of Associated Commercial Vehicles Ltd., England, manufacturing motors,

252 1270 713 40 motor coaches, diesel lorries and trolleybuses)

253 1289 1230 58 C. A. Drenowatz, 17, Eugen-Huber-Strasse, Zurich 48 (importers of motor vehicles.

250 1338 394 47 bicycles and accessories).

253 1352 1230 63 General Motors Suisse S.A., 21, Salzhausstrasse, Bienne (importers of motor

252 1412 921 39 vehicles, assembly plant for Vauxhall Motors Ltd., Bedford).

250 1427 1235 67 E. Keller A.G., Uster (manufacturers of accountancy books and general printers).

247 1483 1242 55 Kloo & Co., 47, Stapferstrasse, Zurich 6 (importers of colonial produce and agencies

252 1522 221 42 in foodstuffs).

250 1530 1236 76 Heinrich Kunz, 48 Stockerstrasse, Zurich 2 (general merchant and representative

250 1590 391 45 of British yarn spinners).

252 1607 832 66 Nicolet Watch S.A., Tramelan (watch manufacturers).

247 1654 1059 69 Panex (London) Ltd., 42, Bolsover Street, London, W. 1 (merchants).

253 1711 1020 45 Arnold Roggen, 127/128, Kirchgasse, Murten (manufacturers agent).

253 1740 1228 56 Adolf Schlatter A.G., 73. Stampfenbachstrasse, Zurich 6 (driving beits in leather

250 1786 749 42 rubber and camel hair; industrial leather goods).

249 1801 1232 64 Schweizerische Metallurgische Gesellschaft, Muttenz (every kind of metal casting

250 1856 1235 43 Apparatus for the chemical industry; dyeing machines; sheet metal work; pipe

252 1886 490 47 coils; fabric printing machines).

250 1899 1157 76 Soconemet S.A., 25, Terrassière, Geneva (non-ferrous metals and minerals).

250 1964 1130 47 R. Spengler, 80 Ausstellungstrasse, Zurich 5 (steel tubes, tools, magnets).

252 1991 1237 62 Sporting Goods A.G., Handelshof, Aarau (general representatives for British

250 2040 437 50 sports goods manufacturers)

253 2058 1238 74 E. Stärkle-Völkle, 5, Rosentalstrasse, Basle (general agent for Switzerland for

250 2104 355 52 Douglas motor cycles).

250 2119 1235 82 P. H. Stehelin & Cie., 24, Spalenberg, Basle (address from 1. 10. 51: 62, Spalen¬

253 2182 623 37 torweg, Basle) (general representatives).

250 2196 1249 58 Oscar Uhler & Cie., 23, Schützengasse, Zürich 1 (selling agents for colonial

250 2246 147 62 produce).
