1836 2586
204 160 576 99 Bicycles and Bicycle Accessories

255 211 1067 86 André Dewald & Son Lid. (manufacturers), 561, Seestrasse, Zürich 38.

261 278 791 51 Charles l'Eplattenier, 12, rue du Diorama, Geneva.

259 298 863 73 Marius Hess & Co. Ltd. (agents), 22, Wallstrasse, Basle.

259 329 1242 78 Magnétos Lucifer Ltd. (manufacturers of bicycle lighting sets and agents for

259 398 889 39 bicycle accessories), 14, route St-Julien, Carouge-Geneva.

261 407 1111 76 Matera Ltd. (agents for bicycle accessories), 37, Leonhardstrasse, Basle.

264 474 760 53 Motosacoche Ltd., 56, route des Acacias, Geneva.

264 499 935 63 Wilhelm Plüss (agent and importer), 66, Talstrasse, Zürich 1.

266 553 946 62 Titan A. G. (manufacturers), 45, Stauffacherstrasse, Zurich 4.

204 611 404 71 Biscuit Manufacturers

255 649 1195 72 Fabrique de Chocolat et de Produits alimentaires de Villars S.A., Fribourg.

261 713 990 73 Kambly Biscuits & Confectionery works, Trubschachen (Berne).

210 777 382 67 Books and Stationery

267 810 1094 74 Atlantis Verlag A.G. (editors and booksellers), 16, Zeltweg. Zurich 32.

264 862 1242 66 David Blackstone & Co. (scholastic text books, stationery and allied trades,

267 915 849 48 paper and cardboard), Battledown works, Cheltenham.

213 951 819 87 Boot and Shoe Manufacturers and Accessories

264 1029 926 46 Bally's Shoe Factories Ltd. (manufacturers), Schönenwerd.

264 1038 1246 74 Crispin Service Ltd. (machinery and supplies for the shoe and leather industries

267 1109 695 33 and allied trades). 11, Lindenhofweg, Aarau

269 1125 1210 71 Engros Schuhhaus A.G. (wholesale footwear dealers), 68, Idastrasse, Zürich 3.

269 1187 806 44 Hug & Co. Ltd. (manufacturers), Herzogenbuchsee.

267 1192 1239 76 The North British Rubber Co. Ltd. (manufacturers of rubber footwear and sports

267 1263 513 39 shoes), Castle Mills, Edinburgh 3.

267 1266 1009 92 Splendida Ltd. (manufacturers), 106, Regent Street, London W. I.

216 1350 376 61 Braid Manufacturers

269 1398 685 66 Jacques Isler & Co. Ltd., Wohlen (Aargau).

272 1426 1024 95 Georges Meyer & Co. Ltd. (braids and hoods). Wohlen (Aargau).

218 1501 592 79 Brewing Machines and Materials

267 1532 1237 85 Borsari & Co. (builders of vats and tanks of re-inforced concrete for the fer¬

273 1599 1107 46 mentation of beer, wines and cider), 55, Dufourstrasse, Zollikon-Zürich.

267 1633 752 57 Matera Ltd. (agents), 37, Leonhardstrasse, Basle.

272 1647 1235 101 Sekar Ltd. (Ernst Zollinger) (importers and exporters), 18, Börsenstrasse, Zürich 1

219 1731 303 68 British Railways

272 1760 1241 83 British Railways, Mr. A. H. Bell. General Agent for Switzerland, 9, Centralbahn¬

278 1837 193 54 platz, Basle.

221 1869 383 86 Brush Manufacturers

275 1913 1234 76 Alco (Etablissements) Ltd. (brushes for industrial purposes: specialities: brushes

275 1976 1234 47 for watchmaking, jewellery and precious stone trades, metallic and circula¬

278 2011 709 45 brushes of all kinds). Renens, near Lausanne.

275 2023 1245 65 Bürstenfabrik Ebnat-Kappel A.G. (all kinds including hair, tooth, toilet, clothes

280 2084 568 63 and fine brushes), Ebnat, St. Gallen.

224 2130 449 65 Builders and Contractors

278 2167 1238 67 Ernst Göhner Ltd. (manufacturers of doors, windows, joinery, parquet floor¬

275 2230 897 60 ing, prefabricated houses), 47, Hegibachstrasse, Zürich 32.
