1791 2666
381 408 722 95 Engines (steam, marine and stationary)

412 479 529 73 Sulzer Frères S. A., Winterthur.

376 534 479 81 Envelopes (Manufacturers)

408 581 909 94 H. Goessler & Co., A.-G., 22, Glärnischstrasse, Zürich.

374 653 186 71 Exporters

416 682 1045 78 Ackroyd Brothers (English and colonial wool, tops, noils and

449 755 1008 70 wastes in all qualities and descriptions) Imperial Buildings,

449 785 158 62 Bradford.

415 806 974 75 Thomas Adams, Ltd., Nottingham, London and Manchester.

416 872 1039 74 Aktiengesellschaft vorm. B. Siegfried (drugs and chemicals),

449 912 158 59 Zofingen.

412 931 1045 79 Chas. Clay & Sons, Ltd. (export of Manchester piece goods),

444 999 464 56 53, Cheapside, Luton, Beds.

411 1013 1046 82 Donzelot & Co., (all kinds of tools, also for watchmaking and

450 1077 765 49 precision work), 6, Rue du Marché, Porrentruy.

411 1095 1048 79 F. Fankhauser & Co., A. G. (silk yarns, pure and artificial, al

445 1150 471 53 kinds), 5, Pelikanweg, Basle.

408 1171 965 71 A. Field & Co. (all kinds of goods), 12, Tiefenhöfe, Zürich.

408 1237 1034 61 M. E. Hausheer (exporter and buying agent for overseas firms

445 1279 421 40 14, Freigutstrasse, Zurich.

419 1298 1030 70 J. Hopf & Co. (spun silk, silk noils, artificial silk, artificial spun

441 1357 1009 50 silk and wastes of every description), 12, Aeschengraben, Basle.

408 1394 1053 64 Ed. A. Keller & Co., S. A. (textiles and sundries), 33, Bahnhof¬

437 1438 255 47 strasse, Zurich.

408 1462 1047 64 Langley London (general), 161, Borough High Street, London S. E.

415 1521 818 52 W. Marti (general), 2, Place des Orphelins, Berne.

407 1552 997 84 Philippi & Hermann (ribbons, silk and cotton textiles), Basle.

404 1610 791 55 Planta & Co., P. O. B. 450, Alexandria (Egypt.).

403 1658 1047 70 Plantin & Co. (electrie apparatus, wholesale), 22, Ruelle St. François,

441 1697 164 51 Lausanne.

412 1714 1046 87 James Ramsden, Ltd. (textile goods of all descriptions), St. Paul's

442 1775 235 51 Street, Leeds.

411 1796 1039 76 Reinhart & Co. (Egyptian cotton), 7, rue Adib, Alexandria (Egypt.).

412 1858 1034 62 Ernst Stocker & Co. (Foodstuffs and agricultural products),

445 1896 433 50 57, Bahnhofstrasse, Zurich.

411 1929 1042 73 Volkart Brothers (all kinds of Swiss manufactured goods exported

442 1978 355 60 to India), Winterthur.

453 2006 993 62 E. Young (general export merchant and goods for Eastern

445 2069 1004 46 markets), c/o The British Chamber of Commerce for Switzer¬

441 2095 260 59 land, Lausanne.

399 2114 1046 104 E. Zollinger & Co. (textiles and sundries to British Indies),

441 2183 463 67 34, Dreikönigstrasse, Zurich.
