1827 2662
595 358 731 100 THE BRITISH CHAMBER

409 436 1077 86 OF COMMERCE FOR SWITZERLAND

530 583 839 100 OFFICE HOURS FOR VISITORS:

411 658 1071 97 From 10 to 12 and from 14 to 16.— On Saturdays, 10 to 12 only.

522 722 964 57 The British Chamber of Commerce is at the service of and

411 771 1079 48 welcomes enquiries from business men interested in commerce

415 816 1070 83 with Switzerland. An office, a telephone and a postal address

412 858 355 63 are at their disposal.

413 948 1064 111 COMMERCIAL INTELLIGENCE SERVICE

517 1045 969 68 All Trade Openings are classified and sent to Members

409 1081 377 77 separately, besides beit

814 1095 670 83 published in the Bulletin of the Chamber.

895 1225 389 89 ARBITRATION

603 1204 156 103 COUF

513 1272 257 90 British firms tr

906 1299 572 59 Switzerland are invited to embody

405 1323 357 80 in their contracts a

895 1356 587 49 submitting commercial disputes to

409 1384 352 74 Arbitration by the B

895 1396 583 69 mber of Commerce for Switzerland

412 1430 241 62 (Incorporated).

513 1473 238 62 The fees are :

891 1467 587 80 of the sum at issue, with a minimum

411 1510 387 69 of Frs. 100.— as entra

868 1523 613 59 ee from each party. 2) The fees of

409 1564 391 76 the arbitrator or arbiti

918 1574 567 70 3) Out-of-pocket expenses of the

416 1611 156 72 Chamber.

611 1710 661 91 COLLECTION OF DEBTS

509 1799 977 67 The Chamber undertakes the collection of out-standing

407 1835 1078 96 debts, the charge for this service being 5% of the sum to be

405 1885 162 62 collected.

512 1914 679 104 MEMBERS pay one-half of this fee only.

537 2037 815 95 BULLETIN OF THE CHAMBER

506 2135 983 73 Enquiries with regard to advertisements should be addressed

407 2177 282 82 to the Secretary.
