1787 2710
633 387 666 115 In trading with Switzerland

644 479 646 89 REMEMBER:

415 562 1091 76 THAT British weights and measures are NOT used in

569 613 241 61 Switzerland.

422 641 1085 102 THAT the rates of foreign postage must be carefully

573 709 154 61 studied.

421 742 133 97 THAT

570 739 934 97 if you sell fob. and your competitor sells c.f.

570 821 715 71 your competitor will win every time.

423 854 131 87 THAT

574 885 930 49 when you are asked for a quotation you can send

570 928 933 51 a prospective buyer into your competitors arms

569 965 935 61 by leaving his letter on your desk unanswered.

422 998 131 92 THAT

576 1028 928 80 you can only sell what the other man wants and

573 1078 781 57 not what you think he OUGHT to buy

422 1111 133 95 THAT

579 1133 917 73 guaranteed goods must come up to the gua¬

570 1184 142 62 rantee.

421 1221 1087 90 THAT one personal visit does more good than a fille

570 1274 373 57 of correspondence.

423 1289 124 121 THAT

574 1323 933 76 the quality of your goods is of more importance

570 1387 681 55 than the mere name of your firm.

425 1409 124 94 THAT

570 1421 810 72 there are two parties to the transactions.

422 1493 127 78 THAT

574 1495 929 75 you must try to put yourself in the other man's

565 1537 136 71 shoes.

418 1589 126 74 THAT

570 1563 934 120 your Swiss friend is a business man first and

565 1647 189 53 foremost.

418 1677 126 71 THAT

570 1676 926 88 you must treat him in a business-like manner.

426 1749 125 95 THAT

574 1763 929 64 Britain has not signed the Hague Convention

566 1808 933 65 which guarantees reciprocity in legal matters.

421 1847 1074 86 THAT in order to avoid litigation which means a large

565 1922 931 50 deposit with the Swiss Courts before your case

566 1957 938 71 can be heard, never make a contract without

565 2006 743 64 stipulating arbitration by the B.C.C.S.

417 2043 1083 79 THAT the decision of a Court of Arbitration appointed

565 2106 934 72 by the B.C.C.S. can be legally enforced in

562 2156 511 82 Switzerland without delay.
