1775 2707
422 470 812 98 NOTICE TO MEMBERS

362 547 1005 68 The present Trade index has been compiled from

297 612 1075 69 particulars supplied by the members themselves. There¬

292 662 1082 61 fore, if a member does not find his name exactly where

293 726 1077 48 he intended it to appear, it lies within his power to en-

296 773 1070 67 sure the necessary corrections or amendments in the

289 824 1081 66 next issue by giving due notice on the form supplied for

289 881 1081 51 the purpose. The Chamber cannot elaborate on any data

293 934 1074 65 supplied by members themselves as, firstly, it would take

296 992 1061 59 too much time and, secondly, we cannot assume respon

292 1046 1000 57 sibility for irrelevant modifications or amplifications.

366 1092 1000 66 Those members who have failed to return the question¬

288 1155 1074 72 naire containing the requisite information for the compil¬

289 1209 1080 58 ation of the Trade index and who consequently do not

293 1259 1074 58 appear under any heading, will nevertheless find their name

289 1317 1080 68 entered in the alphabetical index at the end of the book.

593 1450 469 105 ARBITRATION.

358 1528 1009 80 Attention is called to the fact that, when instituting

292 1574 1080 83 legal proceedings against a Swiss firm, the probable costs

289 1655 1080 62 of the action must be deposited in advance before a

292 1717 1073 57 hearing in the Swiss Courts can be obtained. The way

297 1761 1070 54 to obviate this is to obtain a judgment by Court of Arbi¬

296 1809 1076 69 tration which can then be enforced, if necessary, in the

296 1862 1074 64 Swiss Courts. The Chamber is there to advise members

293 1920 1077 51 and arrange such arbitration. Members are urged to see

293 1971 1077 59 that, when a contract is drawn up, a clause is inserted

293 2030 1087 59 stipulating the settlement of eventual disputes by a Court

293 2081 791 84 of Arbitration appointed by the Chamber.
