1781 2706
354 325 917 134 BUSINESS MEN

757 489 778 74 For all your banking transactions with

954 547 394 70 Switzerland apply to:

788 596 741 119 GALLAND & Co

762 707 769 78 ENGLISH & AMERICAN BANKERS

945 762 407 67 LAUSANNE

939 826 425 69 3, Place St-François, ist Floor

342 862 1192 77 All Banking business transacted on best terms. — Collection of

691 926 835 58 Letters of Credit. — Transfers. — Investments

342 920 290 80 bills and drafts.

688 965 501 65 Coupons. — Exchange, etc.

343 994 1185 72 House and Estate Agency Department. — A complete list of villas

336 1063 1192 62 and apartments to be let furnished or unfurnished is provided free

706 1098 459 60 of charge on application.

428 1140 1012 68 Tourist Office. — Insurance of goods and luggage, etc.

418 1202 1027 69 BOOKING OFFICE for ALL STEAMSHIP COMPANIES.

688 1363 498 95 MONTREUX-

691 1445 422 87 TERRITE

434 1577 1011 125 THE GRAND HOTEL

639 1685 589 94 FIRST-CLASS ENGLISH HOME

541 1810 354 103 TENNIS

1083 1815 249 102 GOLF

532 1895 801 100 Famous Winter Sports in immediate Proximity

418 2085 518 88 Special Terms on application.

1177 2064 281 97 H. R. JAUSSI

1226 2148 180 64 MANAGER

432 2317 1010 70 Please mention this Trade Indea when communicating with advertisers.
