1818 2712
677 360 86 74 in

393 626 1061 67 BRITIS INDUSTRIES

684 730 482 82 PAIR DES

528 830 794 71 LONDON & BIRMINGHAM

531 894 796 65 February 19th to March 2nd, 1923

536 948 783 64 Organised by H.M. Department of Overseas Trade

383 1022 1079 70 IMPORTANT TO MERCHANTS AND BUYERS

389 1084 1077 61 The ninth British Industries Fair provides an unequalled

391 1139 1070 55 opportunity for overseas buyers to inspect conveniently

389 1181 1077 56 and in comfort the best British goods. The most

389 1219 1078 60 enterprising and dependable firms in Great Britain will

396 1271 1076 48 be in keen competition at this great demonstration of

389 1314 1073 53 British manufacturing resources to supply home buyers

391 1364 1073 53 and overseas importers with new goods for the coming

388 1404 1076 55 season's trade. Come yourself or send your buyers.

763 1482 331 75 SCHEDULES

1063 1533 325 76 BIRMINGHAM

539 1540 199 67 LONDON

1073 1593 299 58 Exhibition Buildings,

555 1596 169 58 White City,

1097 1626 258 49 Castle Bromwich.

980 1643 222 59 Brassfoundry,

1227 1649 240 58 Hardware und

393 1643 497 57 Musical Instruments. Furniture

981 1683 481 38 Ironmenger. Melus. Construc¬

396 1692 486 34 und Basketware. Sports Goods,

981 1718 486 48 tion, Building und Decoration.

397 1721 483 31 Toys, &c. Jewellery, Silverwure,

396 1745 484 41 Cullery, &c. Scientific and Photo¬

981 1745 485 33 Power, Lighting, Henting,

981 1771 483 32 Cooking und Ventilating. En

393 1776 489 29 graphie Goods. Chemicals und

981 1795 491 42 gineering in all Branches.

393 1799 484 48 Drugs, Stationery and Printing

985 1824 485 36 Agricultural Machinery. Mining

393 1828 485 40 Fancy Goods. Travelling die

981 1856 488 31 Appliances, Motors, Motor Cycles,

393 1858 495 37 quisites, &c. Brushware. China.

988 1881 481 46 Cycle Accessories. Perambulators.

393 1882 223 45 Earthenware,

631 1881 251 40 Stoneware und

981 1905 491 42 uns, Saddlery and Harness.

397 1908 489 42 Glassware. Foodstufis and

983 1935 483 44 Fishing Tackle. Brewing and

399 1930 489 57 Beverages. Fancy Leather Gods,

1068 1963 319 50 Distilling Appliances.

547 1959 187 54 Leather, &c.

450 2006 966 61 The finest display of Quality Goods in the World

497 2066 875 56 Descriptive Booklets and Invitation Tickets may be obtained

504 2117 863 29 from H. M. Commercial Secretary, Berne, H. M. Consular officere

502 2143 859 34 in Switzerland, or on request to the Secretary, British indus¬

505 2170 861 36 tries Fair, 35, Old Queen Street, Westminster, London, or

502 2196 872 48 of the Secretary, Chamber of Commerce, Birmingham, England.

412 2249 368 69 MARIANNE

783 2257 412 60 ARMINA

291 2312 1290 63 Apply to THE BRITISH CHAMBER OF COMMERCE FOR SWITZERLAND for full particulars of the

792 2350 287 42 British Industries Fair.
