1741 2707
559 325 487 118 SPECIALISTS

230 495 1155 95 INTERNATIONAL SHIPPING & FORWARDING

181 619 719 140 ROME & Co

1041 613 257 144 BA

896 601 58 142 L

645 738 320 82 9. LANGE GASSE

261 773 278 115 ST. GALL

677 805 268 95 ZURICH

1089 795 262 98 CHIASSO

386 899 831 93 Daily fast groupage service from Basle, Zurich,

393 973 823 59 St. Gall etc., to Antwerp, and to London,

389 1019 830 43 Manchester, Liverpool, and other parts of the

389 1051 834 57 U.K. and vice versa. Shortest transit time offered

387 1097 830 67 and cheapest through rates quoted to any point.

246 1142 1110 93 EXPERTS IN CONTINENTAL CUSTOMS CLEARANCE, etc.

467 1220 672 95 GENERAL FREICHT AGENTS OF THE

301 1298 1008 65 GREAT EASTERN RAILAY CO., LONDON

472 1366 664 64 for Switzerland. Italy and Alsace-Lorraine.

293 1414 1019 77 GENERAL FREICHT AGENTS FOR SWITZERLAND OF THE

296 1481 1009 67 CUNARD STEAMSHIP COMPANY, LID.

297 1532 1019 87 The fastest and most reliable service in existence to the U.S.A.

619 1576 370 70 for all classes of goods.

629 1622 348 85 AGENTS FOR THE

309 1669 989 95 DOMINION EXPRESS CO., OF CANADA

306 1746 993 82 Regular service from Switzerland via Antwerp and Liverpool to

511 1794 590 79 Canada and western points of U.S.A.

663 1895 276 85 Allied Houses in:

243 1946 737 81 ENGLAND: London, Manchester, Liverpool.

243 2010 366 77 BELGIUM: Antwerp.

751 1988 616 110 ITALY: Milan, Rome, Como, Genoa.

527 2058 552 77 Agents in every part of the World.

216 2110 1167 89 ALL INDS OF INSURANCE EFFECTED AT LOWEST PREMIUMS

218 2193 1161 66 STORAGE IN OWN WAREHOUSE AND MOTOR TRANSPORT WORK, :

293 2323 1015 75 Please mention this Trade Indes when communicating with advertisers.
