1774 2710
1280 325 69 68 63

746 439 133 71 THE

292 503 1038 64 BRITISH CHAMBER OF COMMERCE

519 565 587 61 FOR SWITZERLAND

614 611 394 48 offers the following services:

698 649 225 51 TRADE INDEX

1008 663 305 57 Business introductions.

625 677 360 61 Membership lists by trades

266 667 287 64 Arbitration Facilities.

1007 709 342 45 Passport & Visa Assistance

622 723 276 32 Copyright Procedure.

273 700 333 58 Names of Representatives.

1007 745 327 35 Government Regulations.

625 742 348 47 Railway Rates & Bochings.

273 750 299 31 Customs Requirements.

1011 764 331 39 Tariff & Licence Rulings.

622 774 301 40 Hotel Accommodations.

269 779 319 31 Steamship Reservations.

1008 798 311 40 Incorporation Problems.

622 800 271 29 Trade Opportunities.

270 802 326 36 income Tax information.

1012 822 268 50 Trade Paper Library.

270 825 631 53 Trade Mark Registration. Introductions Abroad.

818 840 397 43 British and wiss Directories.

402 852 401 41 Mail & Cable Headquarters.

375 870 872 65 CODING AND DECODING OF CABLES AND TELEGRAMS

719 923 190 44 CODES USED:

266 933 1090 64 MARCONTS, A.B.C. Sth Edition, A.B.C. et Edition, BENTLES, WESTERN UNION

504 1029 625 62 OFFICE HOURS FOR VISITORS:

886 1068 389 68 On Saturdays, 10 to 12 only.

355 1083 463 56 From 10 to 12 and from 14 to 16.

448 1130 734 62 ENQUIRY FEES FOR NON-MEMBERS:

952 1175 287 60 Switzerland: Fr. 5.—

383 1177 269 64 British Empire: 4

656 1230 326 59 READING-ROOM.

349 1253 1014 61 The latest Trade Journals of the two countries are at the disposal of visitors.

349 1303 1004 38 The British Chamber of Commerce is at the service of and welcomes en¬

280 1327 1080 52 quiries from business men interested in commerce with Switzerland. An office,

274 1360 734 49 a telephone and a postal address are at their disposal.

444 1398 764 63 COMMERCIAL INTELLIGENCE SERVICE

334 1443 1026 54 All Trade Openings are classified and sent to Members separately, besides

283 1486 535 51 being published in the Official Journals

575 1523 492 65 COURT OF ARBITRATION

352 1572 1016 41 British firms trading in Switzerland are invited to embody in their contracts

279 1610 1087 41 a clause submitting commercial disputes to Arbitration by the British Chamber¬

283 1635 593 48 of Commerce for Switzerland (Incorporated).

359 1644 994 50 The sees are: 1) ½% of the sum at sue, with a minimum of Fr. 100.—

283 1683 1080 48 as entrance see from each party. 2) The sees of the arbitrator or arbitratore.

279 1716 573 40 3) Out-of-pocket expenses of the Chamber¬

579 1741 481 73 COLLECTION OF DEBTS.

355 1783 1011 53 The Chamber specialises in the collection of ontstanding des both in

287 1813 1080 72 Switzerland and the British Empire, the charge for this service being 5% of the

279 1860 278 50 sum to be collected.

352 1864 567 63 MEMBERS pay one half of this fee only.

588 1916 484 65 BULLETIN OF CHAMBER

356 1955 1015 55 Enquiries with regard to advertissements should be addressed to the Secre¬

283 1989 186 65 tary-General

356 2019 794 54 Collective publicity at greatly reduced rates is a speciality.

287 2099 1085 64 Members are exempt from the payment of fees

492 2156 664 55 for Commercial Intelligence.
