<?xml version="1.0" encoding="UTF-8"?>
<alto xmlns:xsi="http://www.w3.org/2001/XMLSchema-instance"
      xmlns="http://www.loc.gov/standards/alto/ns-v4#"
      xmlns:page="http://schema.primaresearch.org/PAGE/gts/pagecontent/2013-07-15"
      xsi:schemaLocation="http://www.loc.gov/standards/alto/ns-v4# https://www.loc.gov/standards/alto/v4/alto.xsd">
   <Description>
      <MeasurementUnit>pixel</MeasurementUnit>
      <sourceImageInformation>
         <fileName>tradin_9960590510105504_1922_97 seiten-0004.jpg</fileName>
      </sourceImageInformation>
      <Processing ID="IdOcr">
         <processingDateTime>2023-03-23T12:01:08.258+01:00</processingDateTime>
         <processingSoftware>
            <softwareCreator>READ COOP</softwareCreator>
            <softwareName>Transkribus</softwareName>
         </processingSoftware>
      </Processing>
   </Description>
   <Layout>
      <Page ID="Page1" PHYSICAL_IMG_NR="1" HEIGHT="2712" WIDTH="1790">
         <TopMargin HEIGHT="0" WIDTH="1790" VPOS="0" HPOS="0"/>
         <LeftMargin HEIGHT="2712" WIDTH="0" VPOS="0" HPOS="0"/>
         <RightMargin HEIGHT="2712" WIDTH="0" VPOS="0" HPOS="1790"/>
         <BottomMargin HEIGHT="0" WIDTH="1790" VPOS="2712" HPOS="0"/>
         <PrintSpace HEIGHT="2712" WIDTH="1790" VPOS="0" HPOS="0">
            <TextBlock ID="tr_4"
                       HEIGHT="342"
                       WIDTH="1196"
                       VPOS="414"
                       HPOS="348"
                       LANG="">
               <Shape>
                  <Polygon POINTS="348,414 1544,414 1544,756 348,756"/>
               </Shape>
               <TextLine ID="tr_4_tl_1"
                         BASELINE="814,470 838,468 868,468 898,466 928,468 958,466 988,466 1018,466 1048,466 1078,466 1108,464"
                         HEIGHT="153"
                         WIDTH="299"
                         VPOS="347"
                         HPOS="805">
                  <String ID="string_tr_4_tl_1"
                          HEIGHT="153"
                          WIDTH="299"
                          VPOS="347"
                          HPOS="805"
                          CONTENT="Marconis"/>
               </TextLine>
               <TextLine ID="tr_4_tl_2"
                         BASELINE="452,595 484,598 514,598 544,598 574,596 604,596 634,594 664,596 694,600 724,598 754,598 784,600 814,598 844,598 874,598 904,598 934,598 964,596 994,596 1024,598 1054,598 1084,600 1114,600 1144,602 1174,602 1204,602 1234,604 1264,604 1294,600 1324,600 1354,600 1384,598 1414,598 1444,600 1474,596 1504,598 1528,596"
                         HEIGHT="149"
                         WIDTH="1081"
                         VPOS="464"
                         HPOS="444">
                  <String ID="string_tr_4_tl_2"
                          HEIGHT="149"
                          WIDTH="1081"
                          VPOS="464"
                          HPOS="444"
                          CONTENT="reless Telegraph Company, Limited"/>
               </TextLine>
               <TextLine ID="tr_4_tl_3"
                         BASELINE="348,736 378,734 408,734 438,734 468,736 498,736 528,734 558,736 588,734 618,734 648,734 678,736 708,736 738,736 768,736 798,734 828,734 858,734 888,734 918,734 948,734 978,734 1008,734 1038,734 1068,736 1098,736 1128,736 1158,736 1188,734 1218,734 1248,734 1278,736 1308,736 1338,736 1368,734 1398,734 1428,736 1458,736 1488,740 1518,744 1544,746"
                         HEIGHT="83"
                         WIDTH="1200"
                         VPOS="676"
                         HPOS="340">
                  <String ID="string_tr_4_tl_3"
                          HEIGHT="83"
                          WIDTH="1200"
                          VPOS="676"
                          HPOS="340"
                          CONTENT="Direct, High-Speed, Automatic, Duplex Wireless working"/>
               </TextLine>
            </TextBlock>
            <TextBlock ID="tr_1"
                       HEIGHT="564"
                       WIDTH="768"
                       VPOS="738"
                       HPOS="566"
                       LANG="">
               <Shape>
                  <Polygon POINTS="566,738 1334,738 1334,1302 566,1302"/>
               </Shape>
               <TextLine ID="tr_1_tl_1"
                         BASELINE="856,790 886,788 916,788 946,788 976,788 1006,788 1030,790"
                         HEIGHT="67"
                         WIDTH="178"
                         VPOS="741"
                         HPOS="848">
                  <String ID="string_tr_1_tl_1"
                          HEIGHT="67"
                          WIDTH="178"
                          VPOS="741"
                          HPOS="848"
                          CONTENT="between"/>
               </TextLine>
               <TextLine ID="tr_1_tl_2"
                         BASELINE="574,878 604,878 634,880 664,876 694,876 724,874 754,876 784,876 814,878 844,878 874,876 904,876 934,878 964,878 994,880 1024,880 1054,878 1084,878 1114,878 1144,878 1174,880 1204,882 1234,880 1264,880 1294,878 1324,878"
                         HEIGHT="127"
                         WIDTH="756"
                         VPOS="792"
                         HPOS="564">
                  <String ID="string_tr_1_tl_2"
                          HEIGHT="127"
                          WIDTH="756"
                          VPOS="792"
                          HPOS="564"
                          CONTENT="BERNE and LONDON"/>
               </TextLine>
               <TextLine ID="tr_1_tl_3"
                         BASELINE="734,940 764,940 794,938 824,940 854,940 884,940 914,938 944,940 974,940 1004,940 1034,940 1064,940 1094,940 1124,940 1154,942 1166,942"
                         HEIGHT="81"
                         WIDTH="437"
                         VPOS="886"
                         HPOS="726">
                  <String ID="string_tr_1_tl_3"
                          HEIGHT="81"
                          WIDTH="437"
                          VPOS="886"
                          HPOS="726"
                          CONTENT="serving the whole of"/>
               </TextLine>
               <TextLine ID="tr_1_tl_4"
                         BASELINE="572,1030 598,1030 628,1030 658,1028 688,1030 718,1032 748,1030 778,1030 808,1028 838,1030 868,1030 898,1030 928,1030 958,1028 988,1028 1018,1028 1048,1030 1078,1034 1108,1032 1138,1030 1168,1030 1198,1030 1228,1028 1258,1030 1288,1030 1318,1028"
                         HEIGHT="126"
                         WIDTH="750"
                         VPOS="950"
                         HPOS="564">
                  <String ID="string_tr_1_tl_4"
                          HEIGHT="126"
                          WIDTH="750"
                          VPOS="950"
                          HPOS="564"
                          CONTENT="SWITZERLAND"/>
               </TextLine>
               <TextLine ID="tr_1_tl_5"
                         BASELINE="848,1084 878,1082 908,1082 938,1082 968,1082 998,1082 1028,1084 1044,1086"
                         HEIGHT="69"
                         WIDTH="201"
                         VPOS="1038"
                         HPOS="839">
                  <String ID="string_tr_1_tl_5"
                          HEIGHT="69"
                          WIDTH="201"
                          VPOS="1038"
                          HPOS="839"
                          CONTENT="AND THE"/>
               </TextLine>
               <TextLine ID="tr_1_tl_6"
                         BASELINE="582,1156 612,1158 642,1158 672,1156 702,1158 732,1158 762,1158 792,1158 822,1160 852,1160 882,1158 912,1158 942,1158 972,1160 1002,1160 1032,1160 1062,1158 1092,1160 1122,1160 1152,1160 1182,1160 1212,1160 1242,1160 1272,1158 1302,1158 1320,1156"
                         HEIGHT="116"
                         WIDTH="744"
                         VPOS="1071"
                         HPOS="573">
                  <String ID="string_tr_1_tl_6"
                          HEIGHT="116"
                          WIDTH="744"
                          VPOS="1071"
                          HPOS="573"
                          CONTENT="UNITED KINGDOM"/>
               </TextLine>
               <TextLine ID="tr_1_tl_7"
                         BASELINE="834,1238 864,1236 894,1236 924,1238 954,1236 984,1238 1014,1236 1044,1236 1074,1236 1104,1238 1134,1238 1164,1238 1194,1238 1224,1238 1254,1238 1284,1236 1314,1236 1334,1238"
                         HEIGHT="88"
                         WIDTH="504"
                         VPOS="1172"
                         HPOS="826">
                  <String ID="string_tr_1_tl_7"
                          HEIGHT="88"
                          WIDTH="504"
                          VPOS="1172"
                          HPOS="826"
                          CONTENT="Ordinary rate 20 p. word"/>
               </TextLine>
               <TextLine ID="tr_1_tl_8"
                         BASELINE="566,1272 596,1270 626,1270 656,1270 686,1272 716,1272 746,1276 776,1282 778,1282"
                         HEIGHT="107"
                         WIDTH="218"
                         VPOS="1207"
                         HPOS="557">
                  <String ID="string_tr_1_tl_8"
                          HEIGHT="107"
                          WIDTH="218"
                          VPOS="1207"
                          HPOS="557"
                          CONTENT="RATES:"/>
               </TextLine>
               <TextLine ID="tr_1_tl_9"
                         BASELINE="814,1286 844,1288 874,1290 904,1292 934,1290 964,1290 994,1290 1024,1290 1054,1290 1084,1292 1114,1292 1144,1292 1174,1292 1204,1292 1234,1292 1264,1292 1294,1292 1324,1292 1330,1290"
                         HEIGHT="88"
                         WIDTH="520"
                         VPOS="1248"
                         HPOS="806">
                  <String ID="string_tr_1_tl_9"
                          HEIGHT="88"
                          WIDTH="520"
                          VPOS="1248"
                          HPOS="806"
                          CONTENT="Urgent rate 7½ p. word"/>
               </TextLine>
            </TextBlock>
            <TextBlock ID="tr_2"
                       HEIGHT="658"
                       WIDTH="1190"
                       VPOS="1370"
                       HPOS="352"
                       LANG="">
               <Shape>
                  <Polygon POINTS="352,1370 1542,1370 1542,2028 352,2028"/>
               </Shape>
               <TextLine ID="tr_2_tl_1"
                         BASELINE="358,1422 388,1420 418,1422 448,1422 478,1422 508,1422 538,1422 568,1422 598,1422 628,1422 658,1422 688,1420 718,1422 748,1422 778,1422 808,1422 838,1422 868,1422 898,1422 928,1422 958,1422 988,1422 1018,1422 1048,1422 1078,1422 1108,1422 1138,1422 1168,1422 1198,1422 1228,1424 1258,1424 1288,1426 1318,1424 1348,1426 1378,1424 1408,1422 1438,1424 1468,1422 1498,1424 1528,1426 1540,1424"
                         HEIGHT="106"
                         WIDTH="1188"
                         VPOS="1336"
                         HPOS="350">
                  <String ID="string_tr_2_tl_1"
                          HEIGHT="106"
                          WIDTH="1188"
                          VPOS="1336"
                          HPOS="350"
                          CONTENT="Messages handed in at Government Postal Telegraph Offices"/>
               </TextLine>
               <TextLine ID="tr_2_tl_2"
                         BASELINE="354,1472 384,1470 414,1470 444,1470 474,1472 504,1472 534,1472 564,1470 594,1472 624,1470 654,1470 684,1470 714,1470 744,1470 774,1472 804,1472 834,1472 864,1472 894,1472 924,1472 954,1472 984,1472 1014,1472 1044,1472 1074,1472 1104,1472 1134,1472 1164,1472 1194,1474 1224,1474 1254,1474 1284,1474 1314,1474 1344,1474 1374,1474 1404,1474 1434,1472 1464,1472 1494,1474 1498,1474"
                         HEIGHT="72"
                         WIDTH="1150"
                         VPOS="1430"
                         HPOS="346">
                  <String ID="string_tr_2_tl_2"
                          HEIGHT="72"
                          WIDTH="1150"
                          VPOS="1430"
                          HPOS="346"
                          CONTENT="in Switzerland &amp; the United Kingdom should be plainly marked:"/>
               </TextLine>
               <TextLine ID="tr_2_tl_3"
                         BASELINE="758,1544 788,1542 818,1544 848,1544 878,1546 908,1546 938,1548 968,1548 998,1548 1028,1546 1058,1546 1088,1544 1118,1544 1138,1544"
                         HEIGHT="76"
                         WIDTH="386"
                         VPOS="1492"
                         HPOS="748">
                  <String ID="string_tr_2_tl_3"
                          HEIGHT="76"
                          WIDTH="386"
                          VPOS="1492"
                          HPOS="748"
                          CONTENT="VIA MARCONI”"/>
               </TextLine>
               <TextLine ID="tr_2_tl_4"
                         BASELINE="470,1602 494,1596 524,1594 554,1596 584,1596 614,1596 644,1596 674,1596 704,1596 734,1596 764,1596 794,1596 824,1596 854,1596 884,1596 914,1596 944,1596 974,1596 1004,1596 1034,1596 1064,1596 1094,1596 1124,1598 1154,1598 1184,1600 1214,1598 1244,1598 1274,1598 1304,1598 1334,1598 1364,1598 1394,1598 1424,1598"
                         HEIGHT="106"
                         WIDTH="958"
                         VPOS="1526"
                         HPOS="462">
                  <String ID="string_tr_2_tl_4"
                          HEIGHT="106"
                          WIDTH="958"
                          VPOS="1526"
                          HPOS="462"
                          CONTENT="(No charge is made for this routing instruction)"/>
               </TextLine>
               <TextLine ID="tr_2_tl_5"
                         BASELINE="360,1668 390,1666 420,1668 450,1666 480,1666 510,1668 540,1666 570,1666 600,1666 630,1666 660,1668 690,1668 720,1668 750,1668 780,1668 810,1668 840,1668 870,1668 900,1668 930,1668 960,1668 990,1668 1020,1668 1050,1668 1080,1668 1110,1668 1140,1670 1170,1670 1200,1670 1230,1668 1260,1668 1290,1670 1320,1670 1350,1670 1380,1670 1410,1670 1440,1670 1470,1670 1500,1668 1530,1670 1540,1672"
                         HEIGHT="111"
                         WIDTH="1187"
                         VPOS="1604"
                         HPOS="350">
                  <String ID="string_tr_2_tl_5"
                          HEIGHT="111"
                          WIDTH="1187"
                          VPOS="1604"
                          HPOS="350"
                          CONTENT="Messages traversing this Service are expeditiously and effi¬"/>
               </TextLine>
               <TextLine ID="tr_2_tl_6"
                         BASELINE="794,1718 824,1716 854,1716 884,1716 914,1718 944,1718 974,1718 1004,1718 1034,1718 1064,1718 1094,1720 1104,1720"
                         HEIGHT="95"
                         WIDTH="316"
                         VPOS="1668"
                         HPOS="784">
                  <String ID="string_tr_2_tl_6"
                          HEIGHT="95"
                          WIDTH="316"
                          VPOS="1668"
                          HPOS="784"
                          CONTENT="ciently handled."/>
               </TextLine>
               <TextLine ID="tr_2_tl_7"
                         BASELINE="352,1786 382,1786 412,1786 442,1786 472,1784 502,1784 532,1784 562,1786 592,1786 622,1786 652,1786 682,1788 712,1788 742,1788 772,1788 784,1786"
                         HEIGHT="81"
                         WIDTH="436"
                         VPOS="1728"
                         HPOS="344">
                  <String ID="string_tr_2_tl_7"
                          HEIGHT="81"
                          WIDTH="436"
                          VPOS="1728"
                          HPOS="344"
                          CONTENT="Address enquiries to:"/>
               </TextLine>
               <TextLine ID="tr_2_tl_8"
                         BASELINE="518,1840 548,1840 578,1838 608,1840 638,1840 668,1842 698,1840 728,1842 758,1842 788,1840 818,1840 848,1840 878,1842 908,1842 938,1842 968,1842 998,1842 1028,1842 1058,1842 1088,1842 1118,1842 1148,1842 1178,1842 1208,1842 1238,1842 1268,1842 1298,1842 1328,1842 1358,1842 1388,1844 1418,1844 1448,1844 1478,1844 1508,1844 1538,1848 1540,1846"
                         HEIGHT="99"
                         WIDTH="1025"
                         VPOS="1770"
                         HPOS="509">
                  <String ID="string_tr_2_tl_8"
                          HEIGHT="99"
                          WIDTH="1025"
                          VPOS="1770"
                          HPOS="509"
                          CONTENT="IN WITZERLAND-Marconi Radio Station A.-G., Bern,"/>
               </TextLine>
               <TextLine ID="tr_2_tl_9"
                         BASELINE="628,1880 658,1880 688,1882 718,1882 748,1882 778,1882 808,1882 838,1882 868,1882 898,1884 928,1884 958,1884 988,1884 1018,1884 1048,1882 1078,1882 1108,1882 1138,1882 1168,1882 1198,1882 1228,1882 1258,1882 1288,1882 1318,1882 1348,1884 1354,1884"
                         HEIGHT="50"
                         WIDTH="732"
                         VPOS="1849"
                         HPOS="619">
                  <String ID="string_tr_2_tl_9"
                          HEIGHT="50"
                          WIDTH="732"
                          VPOS="1849"
                          HPOS="619"
                          CONTENT="Genfergasse, Hauptpostgebäude, BERN."/>
               </TextLine>
               <TextLine ID="tr_2_tl_10"
                         BASELINE="518,1936 548,1934 578,1934 608,1934 638,1934 668,1934 698,1934 728,1934 758,1934 788,1934 818,1934 848,1934 878,1936 908,1936 938,1936 968,1936 998,1938 1028,1936 1058,1936 1088,1936 1118,1936 1148,1936 1178,1936 1208,1936 1238,1936 1268,1936 1298,1936 1328,1936 1358,1936 1388,1936 1418,1936 1448,1936 1478,1936 1508,1936 1538,1938 1542,1938"
                         HEIGHT="75"
                         WIDTH="1028"
                         VPOS="1896"
                         HPOS="510">
                  <String ID="string_tr_2_tl_10"
                          HEIGHT="75"
                          WIDTH="1028"
                          VPOS="1896"
                          HPOS="510"
                          CONTENT="IN LONDON-The Traffic Manager, Marconi's Wireless"/>
               </TextLine>
               <TextLine ID="tr_2_tl_11"
                         BASELINE="624,1976 654,1974 684,1976 714,1978 744,1976 774,1978 804,1976 834,1978 864,1978 894,1978 924,1978 954,1978 984,1978 1014,1980 1044,1978 1074,1978 1104,1978 1134,1976 1164,1976 1194,1976 1224,1976 1254,1976 1284,1978 1314,1978 1344,1978 1374,1978 1404,1978 1434,1978 1464,1978 1494,1978 1524,1980 1538,1982"
                         HEIGHT="84"
                         WIDTH="919"
                         VPOS="1939"
                         HPOS="616">
                  <String ID="string_tr_2_tl_11"
                          HEIGHT="84"
                          WIDTH="919"
                          VPOS="1939"
                          HPOS="616"
                          CONTENT="Telegraph Co., Ltd., 2/12, Wilson Street, LONDON,"/>
               </TextLine>
               <TextLine ID="tr_2_tl_12"
                         BASELINE="630,2016 660,2016 690,2016 720,2018 736,2018"
                         HEIGHT="61"
                         WIDTH="111"
                         VPOS="1977"
                         HPOS="622">
                  <String ID="string_tr_2_tl_12"
                          HEIGHT="61"
                          WIDTH="111"
                          VPOS="1977"
                          HPOS="622"
                          CONTENT="E.C.2."/>
               </TextLine>
            </TextBlock>
            <TextBlock ID="tr_3"
                       HEIGHT="318"
                       WIDTH="1184"
                       VPOS="2048"
                       HPOS="358"
                       LANG="">
               <Shape>
                  <Polygon POINTS="358,2048 1542,2048 1542,2366 358,2366"/>
               </Shape>
               <TextLine ID="tr_3_tl_1"
                         BASELINE="358,2098 388,2100 418,2100 448,2100 478,2098 508,2098 538,2098 568,2100 598,2100 628,2100 658,2100 688,2100 718,2098 748,2098 778,2100 808,2100 838,2100 868,2098 898,2100 928,2100 958,2100 988,2100 1018,2100 1048,2100 1078,2102 1108,2100 1138,2100 1168,2100 1198,2100 1228,2100 1258,2100 1288,2100 1318,2100 1348,2100 1378,2100 1408,2100 1438,2100 1468,2100 1498,2100 1528,2102 1540,2102"
                         HEIGHT="71"
                         WIDTH="1188"
                         VPOS="2036"
                         HPOS="350">
                  <String ID="string_tr_3_tl_1"
                          HEIGHT="71"
                          WIDTH="1188"
                          VPOS="2036"
                          HPOS="350"
                          CONTENT="Good services are also maintained with Canada. U.S.A., Central and South America, West"/>
               </TextLine>
               <TextLine ID="tr_3_tl_2"
                         BASELINE="362,2132 392,2132 422,2132 452,2132 482,2130 512,2130 542,2130 572,2130 602,2130 632,2130 662,2130 692,2132 722,2132 752,2132 782,2132 812,2132 842,2132 872,2132 902,2130 932,2130 962,2132 992,2132 1022,2132 1052,2132 1082,2132 1112,2132 1142,2130 1172,2130 1202,2132 1232,2132 1262,2132 1292,2130 1322,2132 1352,2132 1382,2132 1412,2132 1442,2132 1472,2132 1502,2132 1532,2134 1540,2134"
                         HEIGHT="40"
                         WIDTH="1184"
                         VPOS="2101"
                         HPOS="353">
                  <String ID="string_tr_3_tl_2"
                          HEIGHT="40"
                          WIDTH="1184"
                          VPOS="2101"
                          HPOS="353"
                          CONTENT="Indies, Australasia, France, Spain, etc. To nearly all points the rates Via Marconi&#34; are"/>
               </TextLine>
               <TextLine ID="tr_3_tl_3"
                         BASELINE="360,2166 372,2166 402,2164 432,2162 462,2164 492,2164 522,2162 552,2162 582,2160 612,2162 642,2162 672,2162 702,2162 732,2162 762,2164 792,2162 822,2162 852,2162 882,2162 912,2162 942,2162 972,2162 1002,2162 1032,2162 1062,2162 1092,2162 1122,2164 1152,2162 1182,2162 1212,2162 1242,2162 1272,2162 1302,2164 1332,2164 1362,2164 1392,2162 1422,2164 1452,2162 1482,2162 1512,2164 1542,2164"
                         HEIGHT="38"
                         WIDTH="1188"
                         VPOS="2135"
                         HPOS="352">
                  <String ID="string_tr_3_tl_3"
                          HEIGHT="38"
                          WIDTH="1188"
                          VPOS="2135"
                          HPOS="352"
                          CONTENT="appreciably lower than those quoted by the Cable Companies. The British Chamber of"/>
               </TextLine>
               <TextLine ID="tr_3_tl_4"
                         BASELINE="360,2196 390,2194 420,2194 450,2194 480,2194 510,2194 540,2194 570,2192 600,2192 630,2192 660,2194 690,2194 720,2194 750,2194 780,2196 810,2194 840,2194 870,2194 900,2194 930,2194 960,2194 990,2194 1020,2194 1050,2194 1080,2194 1110,2194 1140,2194 1170,2194 1200,2192 1230,2192 1260,2194 1290,2194 1320,2194 1350,2194 1380,2194 1410,2194 1440,2194 1470,2196 1500,2198 1530,2200 1538,2200"
                         HEIGHT="46"
                         WIDTH="1182"
                         VPOS="2168"
                         HPOS="352">
                  <String ID="string_tr_3_tl_4"
                          HEIGHT="46"
                          WIDTH="1182"
                          VPOS="2168"
                          HPOS="352"
                          CONTENT="Commerce undertakes the coding and decoding of messages &#34;VIA MARCONI. A Copy"/>
               </TextLine>
               <TextLine ID="tr_3_tl_5"
                         BASELINE="628,2226 658,2226 688,2226 718,2226 748,2226 778,2226 808,2226 838,2226 868,2226 898,2228 928,2226 958,2226 988,2226 1018,2226 1048,2226 1078,2226 1108,2226 1138,2226 1168,2226 1198,2226 1228,2228 1258,2230 1288,2234"
                         HEIGHT="66"
                         WIDTH="665"
                         VPOS="2196"
                         HPOS="619">
                  <String ID="string_tr_3_tl_5"
                          HEIGHT="66"
                          WIDTH="665"
                          VPOS="2196"
                          HPOS="619"
                          CONTENT="of the Marconi Code is at the disposal of tradere."/>
               </TextLine>
               <TextLine ID="tr_3_tl_6"
                         BASELINE="448,2354 478,2352 508,2352 538,2352 568,2352 598,2352 628,2352 658,2352 688,2352 718,2352 748,2352 778,2352 808,2352 838,2352 868,2352 898,2352 928,2352 958,2352 988,2352 1018,2352 1048,2352 1078,2352 1108,2352 1138,2352 1168,2354 1198,2354 1228,2354 1258,2354 1288,2354 1318,2354 1348,2354 1378,2354 1408,2354 1438,2356 1448,2354"
                         HEIGHT="62"
                         WIDTH="1004"
                         VPOS="2310"
                         HPOS="440">
                  <String ID="string_tr_3_tl_6"
                          HEIGHT="62"
                          WIDTH="1004"
                          VPOS="2310"
                          HPOS="440"
                          CONTENT="Please mention this Trade index when communicating with advertisers."/>
               </TextLine>
            </TextBlock>
         </PrintSpace>
      </Page>
   </Layout>
</alto>
