1791 2706
385 323 466 160 SWITZERLAN

457 469 367 55 offers an almost unlimited

457 518 367 25 choice of Health Resorts si¬

458 543 364 56 tuated at every altitude and

461 664 368 53 the only country whose

465 706 364 39 Hotels have attained such a

465 741 360 38 uniformly high standard of

461 766 364 30 excellence. In this, as in

461 790 360 45 other respects, she can fairly

461 817 357 48 - - - - - claim to be . . . .

741 869 60 82 -

453 946 383 69 SUMMER AND WINTER

581 985 124 61 SPORTS

368 1027 548 79 For Tickets and all information apply to

410 1092 481 77 SWISS FEDERAL RAILMAYS

406 1159 471 59 11, Regent St., Waterloo Place,

536 1186 214 39 London S.W. 1.

461 1201 361 84 20, Rue Lafayette, PARIS.

1015 361 506 71 On Admiralty and War Office lists

1116 421 306 66 THE CASTOLIN

1106 494 428 94 TO-CHEMICAL

1071 584 398 58 WELDING PROCESS

1109 627 320 52 The research of 20 years

998 676 544 47 A simple easy Process for welding

1002 931 535 50 Basily welded by Castolin on y own premise:

1002 976 535 37 As strong as new. OUTLAY: 2 à p. s. Ich

1002 1012 490 63 Sole Mfra Wassermann & C, Lausanne

1005 1061 525 82 NO SPECIAL APPARATUS IS REQUIRED

1061 1122 420 58 Illustr. Catalogue on application

1021 1159 494 78 Buying agents wanted in every country

1083 1203 378 57 ABC Code 6th edition used

903 1334 113 75 THE

427 1398 1073 93 RECORD DREADNOUGHT WATCH C, 10

761 1477 496 94 ols three of the largest modern

427 1563 1064 117 SWISS WATCH FACTORIES

745 1701 429 86 LA CHAUX DE FONDS

749 1765 287 50 TRAMELAN and

742 1806 299 57 SAIGNELÉGIER

567 1830 782 87 Ask your wholesaler for a sample range, or write to

574 1908 780 68 us for a catalogue illustrating our wide range in

761 1958 405 84 ALL STYLES OF

428 2033 1053 104 RELIABLE LEVER WATCHES

537 2121 208 64 Head Office:

1107 2142 85 47 Lond

416 2155 1096 75 LA CHAUX DE FONDS 10 Hatton Garden, London, E.C.

544 2212 192 63 Switzerland

457 2320 1005 56 Please mention this Trade index when communicating with advertisers.
