1787 2706
481 452 1007 102 "It is to the chambers of commerce that we turn for

417 520 1069 77 guidance; they it is who collect and promptly distribute

414 579 1068 53 information, stimulate the home manufacturer towards meet¬

407 634 1078 47 ing the wants of the consumer, watch over and protect

409 667 1081 60 their local interests, and bring to the solution of the vast

405 724 1084 50 and complex problems of international trade, energy, ex¬

409 754 419 76 perience and counsel.

1084 774 402 94 KING GEORGE V.

485 868 997 82 „The work of investigation and exposure these Cham¬

409 938 1077 62 bers, (i.e. The British Chambers of Commerce Abroad).

410 987 1075 61 and their official organs pursue so untiringly is beyond all

418 1033 1068 54 price. Never was a great thought-awakening more needed;

409 1082 1086 40 and, if it is to be fruitful, it must be based on the exact

409 1117 1076 63 knowledge these voluntary bodies collect so industriously

409 1164 1076 58 and diffuse so generously. THEY DESERVE UNFAL

421 1208 1068 56 TERINGSUPPORT. Trade ought to be in splendid shape,

409 1241 1081 65 for the whole world is hungering for those things it is its

410 1298 1082 50 function to produce and distribute. At present trade is

409 1339 378 76 not in good shape.

638 1382 851 103 THE COMMERCIAL REVIEW, Oct., 1922.

485 1477 1008 85 „It is the failure of so many important firms to take

409 1543 1086 64 an active interest in the work of their local Chambers of

413 1600 1077 54 Commerce and other business organisations that renders

417 1643 1076 61 those bodies less effective than they might otherwise be¬

413 1687 1072 54 It is not, as some businessmen seem to imagine, anything

410 1731 1089 48 of which to be proud that they take no part in public

414 1776 1076 50 work; it should rather be regarded as evidence of lack

413 1819 1082 59 of public spirit and a mean desire to profit by the labours

414 1864 1082 58 of others without shouldering a share of the work. Steps

407 1916 1083 56 should be taken for the creation of a world-wide organi¬

409 1953 1081 51 sation embracing all British commercial interests, no matter

413 1999 824 56 in what portion of the globe they may be

720 2041 775 91 THE TIMES TRADE SUPPLEMENT.
