1763 2710
581 452 625 224 in

704 563 201 103 BASLE

420 676 777 95 ALL KINDS OF HIGH CLASS PRINTING

419 762 779 75 FOR COMMERCIAL AND INDUSTRIAL

702 803 212 81 PURPOSES

360 900 673 224 P

220 1306 1184 125 NEUBURGER & C, ST. GALL

612 1403 418 90 SWITZERLAND

398 1497 827 127 EMBROIDERIES, LACES

610 1593 394 114 NOVELTIES

444 1794 747 81 L. W. J. DEUS, ZURICH

330 1847 971 82 buys goods for Export to Nyasaland and surrounding colonies,

327 1917 979 37 specially cheap goods for natives. Bank ac Eidgenössische

326 1951 978 55 Bank, Zurich; Standard Bank of South Africa, Ltd., London.

224 2035 784 80 Consuli us about your triplo SWITZ

1027 2035 316 72 ERLAN

439 2093 967 42 Summer und Winter Resoris, Spring und Aufum

442 2128 961 35 sojourn, Sporis, Rolloy Tickets, Private & Public Schools, etc.

442 2159 964 72 All information and illustrated bookles ore obtainable free

442 2187 252 46 of charge from

346 2215 1060 66 The Swiss Tourist Information Office at Zürich or Lausanne.

314 2320 1009 66 Please mention this Trade index when communicating with advertisers.
