1713 2707
347 407 91 76 THE

436 466 801 133 SWISS BANK CORPORA

428 570 982 72 im

436 629 956 81 (Capital fully paid up and Reserves fres. 153,000,000.—

428 748 629 70 SOCIÉTÉ DE BANQUE SUISSE

434 809 635 55 SCHWEIZERISCHER BANKVEREIN

434 860 632 75 SOCIETA DI BANCA SVIZZERA

432 914 634 77 in BASLE, ZURICH, ST. GALL, GENEVA,

436 978 628 42 LAUSANNE LA CHAUX-DE-FONDS,

441 1012 625 48 NEUCHATEL. SCHAFFHOUSE LONDON,

436 1049 634 42 BIENNE, CHIASSO, HÉRISAU, LE LOCLE,

441 1086 628 52 NYON. AIGLE, BISCHOFSTELL MORGES

438 1125 383 61 RORSCHACH. VALLORBE

646 1218 761 82 is the only Swiss financial institution with its

648 1288 416 64 own offices in LONDON.

1099 1290 308 67 These are situated:

647 1336 437 64 City Office: 43, Lothbury,

1108 1337 304 61 E.: West End

650 1381 757 78 Branch: 11, Regent Street, Waterloo Place, S.W.

648 1435 758 92 for many years now has formed an important

653 1517 759 60 link between the British and Swiss business

648 1557 756 48 communities. It may be said that it holds a fore¬

650 1604 754 47 most position for the handling of any financial

652 1650 755 69 matters appertaining to British exports to Switzer¬

652 1692 322 72 land and vice versa,

652 1746 758 85 will be pleased to examine and discuss any business

652 1829 758 45 proposed by prospective customers. Thanks to

648 1873 759 49 its long experience and vast resources it can

650 1910 760 61 nearly always make satisfactory arrangements,

648 1962 758 92 willingly supplies information regarding trade and

648 2039 764 53 industries in both countries as well as reports on

648 2086 758 60 the standing of merchants and manufacturers.

420 2316 1010 55 Please mention this Trade index when communicating with advertisers.
