1813 2730
333 609 1065 98 ENGLAND A FEM HOURS ACROSS THE AIR

810 721 809 52 Fly from Basle or Zurich to England.... all through

807 769 813 47 the summer two air liners leave each day you save

804 809 815 58 hours on the journey.... save money that you would

807 853 815 56 otherwise spend on meals, tips, sleeping car berth

807 896 815 83 Zurich London return 225 Swiss francs

570 966 101 136 55

324 1093 704 45 Bookings from Imperial Always Lid., London; Airway Ter¬

327 1133 357 34 minus, Victoria Station, 8.

755 1135 273 38 Victoria 2211 (Day a

327 1161 702 45 Night); Baste: Swissair Offices, Centralbahnplatz, 3;

1250 1123 354 112 AT

1068 1138 114 97 A

456 1191 446 47 Zurich: Swissair, Bahnhofplatz, 7.

384 1421 1182 103 BUY your RAW Products from

382 1514 1176 112 the Union of South Africa

379 1604 1191 95 EXPORT-PRODUCTS OF THE HIGHEST QUALITY

662 1714 624 68 for Manufacturing purposes

373 1804 973 74 AGRICULTURAL AND MINERAL PRODUCTS :

635 1868 928 65 Wool, mohair, skins (cattle and sheep, wattlebark,

634 1921 932 58 maize, sugar, ostrich feathers, crayfish, etc., etc.

638 1989 932 65 Copper, asbestos, platinum, osmiridium, chrome

635 2050 929 68 manganese, magnesite, coal, corundum, graphite,

634 2090 252 74 lead, etc., etc.

382 2154 1188 80 For all INFORMATION regarding South African Exporters and

419 2225 365 66 Commerce, write:

584 2277 980 57 The Commercial Counsellor, South African Legation,

835 2318 729 70 Piazza Indipendenza 3, ROME, ITALY.
