1740 2662
366 370 1116 101 ROTHLISBERGER E SON

360 474 1142 90 LANGNAU TEMMENTAL SWITZERLAND

567 560 941 85 Export of most choice Emmental Cheese (Gruyère)

570 645 935 81 own factory of finest Swiss Petit Gruyère Cheese

564 706 307 106 TE

1011 710 480 106 CHESE

570 797 938 86 in boxes of 8 oz. nett weight 6 and 12 portions, or whole

567 851 105 67 cakes

572 917 936 63 „Tiger“ brand Petit Gruyère has a world-wide reputation and

567 977 925 51 is being shipped to nearly every market. Owing to most care¬

568 1018 938 57 ful manufacture and practical packing "TIGER. Brand Petit

571 1072 932 67 Gruyère keeps very well, even in the most tropical climates.

567 1130 931 84 Selected Swiss Block Cheese "TIGER. Brand

567 1190 420 77 in Blocks of 2 kilos nett.

715 1767 441 108 owat

642 1778 517 163 EST THE

1153 1795 74 89 0

454 1898 953 105 POL ROGER & Co., CHAMPAGNE GROWERS. EPERNAY

530 1986 626 113 AGENT. A. BUTOW

1091 2036 320 83 ALSO AGENT FOR :

998 2099 444 64 Perfection" Whisky, Edinburgh

999 2140 344 43 Nicholson's Gin. London

357 2093 257 92 GENEVA

999 2151 452 67 Cognac Gagneur & Cie, Jarnac

404 2163 278 78 8, Rue de Fribourg

999 2187 499 44 Kümmel "Eckau Comte de Pahlen

460 2200 329 84 Tel. Mont-Blanc 53—14

1002 2221 493 37 Cockburna Port. Oporto et London

1007 2248 489 44 . Langenbach & Söhne, Worms a/Rh.
