1752 2663
727 324 71 165 5

896 404 363 103 LER

330 487 1193 105 LIMITED COMPANY FOR WIRELESS TELEGRAPHY AND TELEPHONY

771 562 314 79 HEAD OFFICES:

361 596 1130 113 CENTRAL POST OFFICE, GENFERGASSE, BERNE

615 676 635 79 TELEPHONE BOLLVERK 26.10

361 825 1137 95 HICH SPEED TELEGRAPHY

599 902 663 98 DIRECT WIRELESS SERVICE

768 981 341 67 GREAT BRITAIN

771 1020 494 83 OVERSEAS COUNTRIES

835 1069 592 93 (from London: via wireless or cable)

765 1122 145 51 SPAIN

355 1138 326 100 SWITZERLAND

767 1164 236 53 DENMARK

771 1179 350 93 POLANDRUSSIA

767 1235 727 98 JUGOSLAVIA; other BALKAN STATES

831 1303 235 64 (via Belgrade)

748 1333 245 77 HOLLAND

354 1382 1146 80 The Company has Brand-offices in the Central Post Offices in Zürich

437 1458 1070 59 and Geneva connected with the Head Offices in Berne by direct

444 1506 1056 53 private wires. The telegraphie service from Zürich and ther parts

438 1541 1044 64 of Eastern Switzerland and also from Geneva via Radiosuisse

438 1589 790 71 is greatly accelerated by these direct connections.

361 1623 1133 80 Telegrams are accepted at all Swiss telegraph offices. Il special ar¬

441 1699 1062 50 rangements are made in advance, telegrams may also be transmitted

438 1745 1057 58 to the Company by telephone. Incoming telegrams will, is desired.

438 1778 788 90 be telephoned to the addressee by the Company.

540 1843 777 97 Telephone call numbers for transmitting telegrams:

638 1920 579 72 BERNE OFFICE: BOLLVERK 2604

639 1963 381 48 ZURICH OFFICE UTO

1143 1966 67 40 17.77

641 1992 425 75 GENEVA OFFICE STAND

1140 1999 76 71 88.55

843 2044 181 98 RATES

480 2096 892 107 The rates for telegrams sent via Radiosuisse are exactly

483 2182 884 82 the same as those for the ordinary telegraph service.
